3292 5259
185 528 309 600 Tauro
337 528 441 623 apud
461 531 631 625 oppidum
660 534 829 620 Cybislra
857 543 977 606 castra
985 534 1073 630 soci,
1096 546 1181 609 cclcc
1194 539 1360 608 Ciliciam

177 661 303 724 tuaror
331 662 365 724 ct
394 655 658 748 Cappadociam
682 666 803 729 loacas
829 683 919 730 rcooa
932 657 1184 756 fim'limorccm
1211 661 1360 731 consilio

178 775 446 871 cmpodc'rom.''‘
460 778 518 850 ad.
550 779 652 851 Fam.
681 779 764 852 XV.
799 803 831 851 2.
869 804 918 852 1.:
960 783 1084 854 »Eral
1107 783 1203 854 onim
1226 809 1360 879 magico

179 901 342 995 suspitio,
370 902 539 988 Parthos,
566 905 604 975 si
625 930 671 976 cx
699 904 814 995 Syria
841 906 965 1001 egredi
979 917 1081 1003 atpcco
1099 908 1303 1002 irrumpere
1322 909 1359 977 in

181 1049 298 1097 moam
314 1027 544 1120 provinciam
568 1038 793 1114 conarentur,
825 1030 895 1101 iter
919 1055 974 1102 cos
997 1039 1067 1124 por
1084 1031 1357 1125 Cappadociam,

180 1150 278 1244 quod
300 1176 340 1222 ca
373 1151 533 1224 maximo
550 1161 702 1246 pataret,
732 1179 805 1226 csso
820 1151 1025 1249 facturos.”
1080 1155 1274 1228 Praeterea
1301 1181 1360 1227 ex-

181 1273 372 1369 spectabat
400 1275 497 1371 regis
525 1274 690 1350 Deiotari
718 1277 926 1366 adventum,
948 1278 1007 1376 qui
1028 1278 1174 1364 miserat
1189 1279 1358 1367 nuntium,

181 1424 225 1470 se
252 1425 332 1470 cum
361 1400 527 1472 omnibus
554 1401 627 1474 suis
655 1402 768 1498 copiis
794 1403 828 1474 in
856 1417 975 1475 castra
1000 1428 1081 1476 esse
1109 1419 1308 1476 venturum.

237 1523 334 1596 Satis
360 1539 513 1621 apparet
535 1523 595 1597 tali
618 1524 767 1599 consilio
783 1527 870 1600 inito
885 1527 1098 1600 Ciceronem
1113 1553 1156 1600 ao
1169 1529 1360 1600 mim'mam

181 1649 324 1743 amdam
351 1651 502 1722 terroris
528 1649 626 1723 lcorti
650 1652 850 1738 circumcise,
879 1696 930 1704 —
958 1651 1019 1723 vix
1047 1652 1142 1726 enim
1169 1652 1271 1724 unius
1291 1653 1359 1724 diei

183 1773 252 1844 iter
278 1787 396 1846 castra
421 1790 655 1870 promoverat
681 1820 733 1829 -
761 1801 898 1863 verum,
920 1791 959 1848 ut
977 1801 1035 1848 res
1049 1791 1086 1848 et
1100 1791 1267 1871 tempora
1280 1801 1361 1847 sese

182 1897 330 1986 dabant,
361 1897 424 1970 suit
442 1897 593 1972 sortasse
607 1897 816 1985 laudandus,
835 1900 933 1996 quod
948 1899 1120 1972 maiorem
1137 1900 1361 1996 prudentiam

182 2045 291 2117 quam
321 2021 495 2117 impetum
521 2023 556 2094 in
581 2024 728 2119 agendo
756 2022 928 2111 adhibuit,
959 2041 996 2097 et
1021 2024 1050 2096 si
1070 2049 1140 2097 non
1160 2025 1306 2098 audacis
1325 2043 1361 2097 et

184 2146 363 2242 intrepidi,
398 2162 559 2220 attamen
591 2148 685 2220 cauti
713 2164 751 2220 et
775 2149 960 2244 prudentis
989 2149 1214 2246 imperatoris
1239 2165 1361 2245 partes

183 2270 307 2364 egisse
335 2271 409 2343 iure
437 2271 506 2343 dici
530 2286 663 2368 potest.
695 2272 771 2344 Sed
799 2273 908 2344 risum
936 2288 1069 2360 movet,
1100 2274 1198 2370 quod
1219 2274 1252 2345 in
1272 2275 1361 2370 epis-

184 2392 260 2467 tola
286 2395 333 2467 ad
362 2395 522 2467 Atticum
554 2397 613 2491 (V.
641 2399 703 2491 20)
722 2397 841 2484 iactat,
859 2423 905 2470 eo
920 2395 1121 2470 consiliose
1136 2399 1185 2470 cis
1200 2398 1361 2472 Taurum

187 2519 372 2625 mansisse,
403 2530 444 2592 at
468 2521 671 2594 Armenias
697 2523 926 2595 Artavasdes
952 2531 986 2594 ct
1008 2523 1084 2617 ipsi
1108 2524 1247 2594 Partiri
1273 2524 1361 2618 Cap-

175 2643 333 2740 padocia
358 2671 394 2716 sc
418 2647 563 2718 excludi
577 2655 761 2741 pacarent.
793 2647 876 2718 Hoc
894 2646 923 2718 si
938 2645 1061 2718 suisset
1075 2646 1151 2719 eius
1166 2644 1359 2734 consilium,

187 2794 260 2840 non
285 2768 385 2841 facile
414 2768 532 2843 locum
560 2771 675 2842 minus
698 2787 822 2866 aptum
839 2771 886 2843 ad
901 2787 1019 2845 castra
1034 2769 1187 2845 locanda
1201 2769 1362 2869 deligere

184 2893 370 2990 potuisset,
415 2920 525 2991 quam
567 2894 745 2990 Cybistra,
791 2895 966 2992 oppidum
998 2896 1104 2967 situm
1137 2896 1171 2966 in
1198 2911 1362 2968 extremo

185 3019 445 3115 Cappadociae
471 3018 615 3116 angula
644 3035 681 3092 et
708 3046 820 3118 quam
849 3021 1005 3093 maxime
1030 3034 1208 3092 remotum
1229 3020 1277 3091 ab
1296 3019 1362 3091 Ar-

187 3142 327 3215 meniae
355 3160 392 3216 et
419 3142 547 3238 Syriae
561 3142 697 3216 finibus.
729 3143 888 3215 Omnino
911 3144 1001 3216 haec
1020 3140 1173 3239 epistola
1187 3141 1294 3239 plena
1308 3161 1363 3216 est

183 3267 329 3362 ineptae
357 3267 587 3364 arrogantiae
615 3282 653 3339 et
678 3264 907 3339 intolerabilis
932 3292 1077 3340 suarum
1102 3266 1248 3356 laudum
1263 3294 1362 3365 prae-

184 3391 393 3480 dicationis,
426 3394 459 3487 1)
491 3392 576 3488 quin
604 3391 713 3464 etiam
739 3436 790 3444 —
817 3393 915 3489 quod
941 3409 980 3464 ut
1003 3394 1259 3480 demonstrem,
1277 3419 1373 3464 mox-

187 3515 276 3587 mihi·
285 3514 384 3588 locus
400 3516 543 3589 dabitur
557 3561 607 3570 -
622 3517 670 3589 ad
685 3516 876 3589 mendacia
890 3540 961 3588 non
975 3517 1115 3589 dubitat
1129 3515 1361 3602 descendere,

183 3640 397 3713 dummodo
418 3641 451 3712 in
484 3638 609 3713 melius
637 3655 674 3713 et
702 3641 816 3713 maius
844 3665 902 3713 res
928 3666 1011 3712 suas
1038 3625 1163 3737 gesta's
1189 3638 1362 3735 effingere

183 3749 325 3862 possit(
1384 3767 1386 3770 ’

239 3890 300 3962 Ad
334 3890 505 3986 Cybistra
530 3889 695 3961 consedit
724 3905 797 3960 tres
826 3888 903 3960 dies
936 3890 985 3982 2),
1013 3887 1132 3985 ibique
1161 3890 1364 3984 composuit

224 4250 248 4314 ι)
268 4249 401 4298 Nonnulla
427 4247 612 4297 eiusdemmodi
638 4247 757 4312 exempla
785 4263 816 4295 ex
845 4246 933 4294 eadem
962 4245 1071 4310 epistola
1099 4246 1176 4310 petita
1196 4248 1300 4311 protulit
1319 4248 1363 4294 Vir

182 4338 345 4388 Clarissimus
364 4339 453 4386 Cobet.
472 4338 663 4400 (Mnemosyne,
684 4337 759 4384 Nova
779 4335 870 4393 Series,
890 4335 941 4383 vol.
962 4335 1021 4382 VII.
1041 4351 1098 4399 pag.
1122 4335 1174 4394 10.)

188 4425 191 4432 '
224 4426 251 4487 2)
271 4426 308 4475 Cf.
337 4427 370 4475 ad
390 4427 459 4474 Fam.
486 4425 543 4473 XV.
564 4437 588 4477 2.
610 4425 639 4473 In
660 4424 775 4489 epistolis
796 4423 860 4472 datis
880 4430 987 4488 quatuor
1005 4423 1137 4472 mensibus
1156 4431 1214 4487 post
1233 4424 1276 4479 (ad
1296 4425 1364 4472 Fam.

185 4517 243 4566 XV.
261 4532 286 4578 4.
306 4517 339 4564 ad
358 4517 410 4563 Att.
431 4515 461 4564 V.
482 4513 536 4575 20.)
554 4512 664 4577 quinque
682 4512 733 4560 dies
751 4529 779 4561 se
797 4513 823 4560 in
843 4513 882 4560 his
901 4512 986 4560 castris
1005 4511 1083 4559 fuisse
1103 4510 1215 4559 affirmat.
1237 4511 1288 4560 Hic
1306 4529 1366 4560 vero

180 4606 276 4654 eodem
303 4605 384 4654 modo
412 4621 462 4670 quo
492 4619 569 4667 supra
594 4602 705 4650 vidimus
725 4601 794 4664 (vide
813 4618 870 4666 pag.
892 4600 1075 4650 dissertationis
1096 4598 1141 4663 84)
1161 4599 1228 4648 diem
1247 4600 1368 4649 adventus

182 4702 212 4744 et
231 4694 298 4743 diem
317 4693 483 4759 profectionis
501 4691 678 4741 adnumeratos
698 4707 751 4738 esse
769 4697 881 4753 apparet.
958 4690 960 4693 ’
