3292 5259
774 311 826 370 105

202 486 299 532 uuue
325 485 407 533 vero
434 469 629 543 αἰσχρὸν
646 476 850 528 σιωπᾶν.”
879 464 926 536 ad
952 465 1020 538 Att
1049 467 1122 539 Vll.
1159 475 1243 541 2.6:
1266 499 1382 545 »eirene

203 587 318 662 illuru.
346 588 411 682 qui
424 587 552 682 pedem
567 598 689 683 perta,
720 592 839 686 quecui
860 591 972 664 iestis
990 593 1040 663 cis
1054 593 1377 692 Eimieuleusuei‘,

202 740 275 785 ueu
301 713 479 798 extulerit,
510 711 641 786 iuuere
666 716 804 810 augeri,
834 741 896 800 me,
928 717 968 787 iu
994 717 1096 788 cuius
1113 720 1270 792 exerei‘tu
1284 729 1382 815 speue

202 838 304 908 illius
330 838 508 909 exercilus
534 837 670 940 liebuil,
699 839 792 910 idem
817 865 888 911 neu
914 841 1062 936 adsequi
1085 843 1228 916 dedecus
1241 854 1379 918 esiues-

199 958 333 1046 teueu,''
344 976 382 1032 et
395 961 463 1033 sub
476 959 584 1034 finem
598 960 790 1058 epistolae:
812 965 935 1036 »valde
947 991 1048 1038 eeueu
1056 969 1298 1060 perturbatus,
1308 973 1377 1055 sed,

201 1095 244 1157 ut
267 1086 369 1157 uileil
390 1112 522 1182 magne
545 1096 646 1181 (utere
662 1096 830 1172 metuam,
852 1089 992 1161 Partiri
993 1091 1151 1180 fuciunt,
1168 1095 1233 1187 qui
1242 1104 1380 1188 repenle

200 1211 375 1283 Bibulum
413 1211 623 1284 semmurum
651 1211 902 1308 eeli'queeuut.'’
936 1213 1042 1307 Quae
1067 1216 1180 1288 verba
1207 1242 1278 1290 non
1302 1219 1378 1290 sine

200 1337 253 1440 ira
279 1352 315 1408 et
342 1334 462 1407 studio
490 1361 513 1406 a
538 1335 713 1408 Cicerone
738 1336 902 1431 prosecta
920 1363 1001 1410 esse
1015 1338 1102 1411 satis
1121 1356 1277 1430 constat,
1294 1323 1375 1414 nam

199 1461 300 1558 quod
341 1457 486 1532 Bibulus
527 1485 567 1531 se
609 1486 689 1532 cum
730 1459 868 1534 infirmo
900 1487 966 1534 suo
995 1463 1154 1536 exercitu
1189 1465 1377 1537 moenibus

200 1586 415 1660 Antiochiae
443 1584 624 1672 continuit,
646 1611 692 1658 eo
707 1586 853 1658 nomine
867 1584 1001 1659 consilii
1016 1587 1243 1683 prudentiam
1258 1591 1376 1685 potius

199 1711 429 1795 laudandam,
459 1734 567 1806 quam
592 1709 754 1782 inertiam
767 1710 1042 1807 vituperandam
1057 1712 1219 1785 arbitror.
1245 1714 1376 1786 Pressit

199 1837 365 1908 nimirum
387 1834 542 1931 vestigia
563 1835 689 1922 Cassii,
707 1851 744 1909 et
758 1851 912 1931 quatuor
927 1836 1026 1908 annis
1040 1852 1124 1932 post
1143 1836 1220 1932 ipse
1236 1837 1375 1930 Cicer0,

199 1977 239 2034 ut
266 1959 438 2057 cognovit
466 1958 656 2032 Comificio
684 1960 828 2055 Syriam
854 1960 1074 2056 provinciam
1089 1986 1169 2034 esse
1192 1962 1371 2040 tributam.

197 2087 354 2159 amicum
379 2085 545 2175 incitavit,
576 2100 615 2157 ut
640 2084 737 2157 idem
756 2082 941 2157 consilium
960 2073 1179 2182 sequeretur.
1208 2084 1255 2157 ad
1271 2085 1370 2158 Fam.

198 2211 274 2282 XII.
312 2235 368 2301 19.
404 2235 458 2282 2.:
493 2211 574 2282 »De
600 2210 771 2282 Puetliiei
794 2210 877 2282 belli
897 2209 1096 2304 suspicione
1122 2211 1217 2305 qiud
1235 2212 1371 2288 seri'bis.

137 2374 140 2378 ·
196 2362 285 2408 seue
325 2361 379 2408 uu
413 2337 602 2407 commouit.
659 2335 762 2423 Quid
784 2335 978 2428 reuisurum,
1009 2333 1163 2418 iuberes,
1194 2360 1274 2406 euru
1302 2336 1376 2429 ipse

196 2463 396 2533 coniectura
423 2461 587 2555 consequi
600 2468 764 2554 poleium
792 2467 869 2530 lusu
896 2483 942 2529 eu
968 2457 1042 2528 tuis
1060 2458 1190 2529 luteris
1216 2461 1375 2554 cognovi,-

197 2587 324 2681 iluque,
355 2594 442 2680 epse,
473 2611 516 2657 ue
539 2585 668 2671 seille
688 2609 781 2680 geus
808 2591 943 2654 moveat
965 2581 1029 2652 leue
1047 2590 1207 2676 tempere,
1225 2583 1313 2656 e'uiu
1327 2583 1380 2652 ud

195 2719 230 2781 ie
255 2710 406 2806 legiones
432 2734 491 2780 eue
508 2709 764 2803 perdeeeuulur
789 2731 879 2802 quus
905 2706 1014 2777 audii)
1028 2707 1120 2777 duci.
1150 2706 1258 2799 Quod
1267 2707 1305 2776 si
1305 2717 1373 2800 pu-

197 2859 255 2905 res
267 2835 386 2929 cuprius
399 2834 452 2904 eui
460 2832 718 2929 eeufhgreuduue
732 2859 803 2905 ueu
816 2832 969 2918 iubebis,
987 2856 1071 2903 non
1091 2847 1133 2904 te
1153 2821 1294 2926 lugiet
1312 2831 1372 2901 uti

197 2955 382 3030 consilio
410 2958 459 3028 M.
488 2953 652 3043 Bibuli,
683 2958 798 3052 quise
816 2957 943 3051 oppidu
962 2956 1204 3027 euuuitessieuo
1222 2965 1255 3026 ei
1266 2956 1372 3049 copie

197 3084 350 3155 sissieue
379 3078 454 3153 tum
486 3082 552 3153 eliu
579 3082 701 3165 tenuit,
732 3106 839 3176 quum
867 3081 931 3151 diu
959 3080 1000 3150 iu
1018 3056 1221 3173 pieueueeii
1239 3077 1378 3148 Paulis

184 3207 380 3302 fueruut.”
415 3204 527 3299 Quod
567 3204 614 3277 ad
653 3203 835 3300 ignaviam
863 3202 1000 3289 attinet,
1031 3199 1185 3274 ioculare
1211 3213 1266 3272 est
1292 3225 1373 3273 eam

198 3331 480 3404 criminationem
510 3308 634 3401 audire
661 3354 709 3433 eu
736 3353 801 3400 ore
827 3326 988 3414 bominis,
1017 3351 1125 3424 quem
1158 3323 1299 3421 longius
1327 3327 1373 3396 ab

198 3455 303 3528 hoste
344 3470 522 3528 remotum
548 3453 674 3525 horror
699 3477 770 3525 non
796 3451 911 3522 minus
944 3449 1148 3557 perfuderit.
1203 3450 1373 3522 Ceterum

196 3606 307 3653 causa
333 3579 461 3652 horum
499 3577 683 3650 criminum
710 3575 806 3648 haud
832 3575 986 3648 obscura
1010 3590 1076 3646 est.
1134 3573 1173 3644 ld
1201 3574 1373 3670 temporis

198 3718 279 3775 erat
304 3703 482 3776 intereos
510 3702 620 3798 frigus
647 3717 685 3775 et
712 3697 853 3772 occulta
879 3695 1049 3772 simultas.
1095 3696 1250 3784 bibulus
1278 3714 1317 3770 ut
1340 3698 1373 3768 in

198 3827 417 3923 provinciam
442 3827 550 3915 venit,
580 3827 734 3899 cavebat
753 3822 936 3897 Ciceronis
960 3819 1254 3911 familiaritatem,
1274 3848 1373 3894 vere·
1470 3911 1473 3919 Ι

201 3952 315 4039 batur,
359 3978 405 4026 ne
443 3952 474 4024 si
516 3948 611 4023 illum
647 3949 803 4047 negotiis
830 3947 902 4020 suis
931 3946 1156 4034 immisceret,
1187 3946 1306 4019 eidem
1334 3974 1373 4018 se
1451 3924 1455 3930 ¹

193 4092 401 4173 exponeret
426 4075 579 4148 invidiae
608 4090 645 4146 et
673 4072 935 4176 obtrectationi,
966 4097 1038 4168 qua
1059 4071 1187 4144 Cicero
1209 4071 1372 4143 Cassium

197 4216 276 4272 erat
300 4215 530 4296 persecutus3
560 4196 691 4269 nullum
718 4197 791 4269 fere
819 4196 1016 4268 exercebat
1040 4221 1120 4267 cum
1140 4222 1185 4269 eo
1200 4221 1373 4269 commer-

198 4325 293 4396 cium
320 4322 526 4409 litterarum,
558 4321 653 4395 adeo
680 4337 728 4409 ut,
760 4346 841 4392 cum
857 4344 1009 4415 magnus
1024 4319 1238 4393 Antiochiae
1257 4336 1372 4392 metus

197 4464 296 4520 esset
316 4444 410 4533 belli,
428 4443 484 4518 vel
499 4442 654 4517 litteram
670 4444 805 4516 miserit
819 4469 1025 4540 numquam,
1043 4460 1080 4516 et
1094 4445 1213 4516 dicere
1227 4442 1370 4530 soleret,

196 4570 338 4667 quidvis
365 4596 406 4642 se
434 4570 573 4665 perpeti
603 4567 718 4656 malle,
749 4595 859 4664 quam
889 4567 1000 4640 videri
1029 4569 1173 4666 eguisse
1192 4569 1356 4642 Ciceroni
