3292 5259
792 353 849 406 104

228 521 335 589 esset,
365 521 404 577 ut
429 504 625 577 decederet
643 503 690 576 de
704 501 915 599 provincia.)
938 502 1045 573 »dum
1060 499 1260 596 impendere
1272 497 1411 570 Partlu'

227 631 447 715 vellebantur,
483 638 682 701 statueram
698 631 866 723 fratrem
894 627 1091 723 relinquere
1115 634 1181 697 ant
1205 625 1312 697 etiarn
1339 623 1406 694 rei-

219 756 385 849 publicae
421 780 531 825 rausa
569 762 692 825 contra
726 751 1070 823 senatusconsultum
1109 773 1302 831 remanere,
1347 746 1411 842 qni

218 889 452 975 posteaquam
481 877 685 950 incredibili
694 876 874 972 felicitate
899 875 1146 959 discesserunt,
1176 873 1317 944 sublata
1345 870 1406 941 elre-

230 1003 353 1074 bitatio
378 1002 459 1074 est.’'
785 988 789 992 ⁴
1070 977 1073 982 ¹

286 1125 345 1197 De
374 1125 460 1220 ipsis
486 1125 520 1196 in
548 1125 654 1220 Syria
681 1125 788 1196 rebus
815 1123 929 1219 gestis
955 1147 1148 1220 perparum
1174 1118 1231 1193 vel
1260 1117 1342 1191 nihil
1361 1118 1408 1190 ad

231 1265 390 1322 nostram
431 1249 594 1327 notitiam
635 1248 811 1343 pervenit,
847 1272 965 1344 neque
995 1247 1112 1342 magis
1140 1260 1196 1319 est
1224 1244 1409 1341 cognitum

231 1372 345 1458 nobiS,
392 1371 477 1467 quid
517 1371 668 1444 Parthos
697 1352 1013 1474 adrecedendum
1039 1367 1227 1466 impulerit.
1258 1370 1405 1454 Caesar,
1436 1452 1439 1458 ι

229 1497 268 1568 B.
298 1496 338 1568 C.
368 1495 422 1582 Ill,
456 1519 498 1586 31
532 1496 650 1568 obiter
676 1510 815 1567 tantum
842 1510 1104 1567 commemorat
1127 1491 1291 1567 bibulum
1305 1494 1353 1566 ab
1367 1493 1408 1564 iis

231 1620 420 1691 obsessum
450 1619 575 1708 luisse,
604 1618 702 1714 apud
729 1618 887 1690 Dionem
909 1615 992 1690 belli
1014 1617 1109 1714 gesti
1124 1615 1219 1690 nulla
1233 1617 1409 1690 memoria
1490 1601 1494 1607 ¹

230 1759 369 1835 exstat,
398 1759 523 1815 contra
550 1758 675 1814 auctor
702 1757 758 1814 est
787 1742 909 1838 quiete
924 1768 1006 1814 eum
1022 1739 1257 1838 provinciales
1271 1741 1409 1814 rexisse

50 1927 59 1943 e
144 1915 147 1920 -
230 1885 275 1957 et,
303 1868 426 1940 turbas
461 1865 581 1939 civiles
618 1867 651 1938 in
684 1866 824 1938 Parthis
858 1866 1075 1956 concitasse,
1105 1864 1408 1963 Ornodapantem

230 1971 363 2065 scilicet
387 2008 572 2089 satrapam
600 1991 782 2087 quendam
809 1991 917 2063 luisse
948 1990 1044 2086 apud
1070 1991 1231 2074 Parthos
1252 1990 1408 2086 quicum

231 2132 319 2212 rege
346 2115 472 2189 Orode
498 2112 698 2187 simultates
726 2130 931 2204 exerceret,
967 2115 1047 2186 huic
1074 2111 1237 2186 Bibulum
1265 2138 1409 2209 persua*

232 2243 331 2327 sisse,
364 2256 402 2312 ut
427 2240 567 2312 Pacoro
595 2239 628 2309 in
649 2239 761 2334 patris
776 2235 896 2311 locum
910 2239 1103 2310 substituto
1117 2222 1249 2311 bellum
1265 2237 1408 2310 domes-

233 2367 341 2438 ticum
382 2365 416 2436 in
443 2364 558 2459 patria
584 2362 764 2449 conflaret,
793 2378 832 2434 et
859 2363 909 2436 ita
937 2363 1068 2436 lactum
1097 2389 1188 2450 esse,
1217 2379 1256 2434 ut
1274 2360 1406 2435 bellum

187 2556 189 2558 ,
232 2489 433 2563 Parthicum
477 2503 616 2584 quartu,
659 2513 732 2584 quo
758 2509 927 2560 exorsum
957 2503 1064 2574 esset,
1096 2513 1190 2560 anno
1215 2486 1321 2560 finem
1348 2488 1409 2559 ha-

232 2613 357 2687 buerit.
386 2612 418 2710 1)
433 2612 472 2684 Si
489 2611 679 2708 quaeri-tur,
693 2637 739 2683 an
753 2609 949 2707 probabilis
964 2612 1009 2684 sit
1024 2609 1271 2686 nonnullorum
1287 2611 1408 2707 opinio
1514 2607 1524 2618 ’

233 2738 398 2819 Orodem
423 2737 493 2808 hoc
521 2760 693 2807 novarum
722 2760 841 2807 rerum
860 2735 989 2808 timore
1018 2735 1140 2831 copias
1158 2761 1242 2808 suas
1257 2761 1303 2807 ex
1318 2735 1409 2808 Asia

231 2886 434 2948 revocasse,
468 2862 503 2954 2)
534 2883 601 2954 pro
635 2858 921 2931 testimoniorum
941 2859 1061 2955 inopia
1080 2839 1211 2931 nullum
1231 2860 1319 2932 dare
1332 2859 1408 2932 'res-

232 3011 406 3083 ponsum,
452 2983 600 3080 opinor,
642 2983 753 3055 satius
795 2999 867 3070 est,
917 3009 1025 3080 quam
1071 2984 1227 3056 audaces
1269 2999 1409 3056 tentare

232 3110 464 3182 coniecturas.
522 3107 651 3204 Neque
688 3107 818 3180 certius
844 3107 912 3179 dici
941 3123 1071 3204 potest,
1103 3133 1148 3179 an
1176 3108 1332 3180 Pacorus
1355 3133 1409 3179 sa-

232 3251 358 3329 trapae
385 3232 621 3303 incitamentis
649 3257 773 3304 aurem
798 3233 1014 3328 praebuerit,
1031 3257 1167 3305 necne.
1196 3232 1246 3304 Ut
1264 3257 1411 3328 semper

232 3357 316 3446 lere,
333 3355 384 3428 sic
403 3354 471 3427 hoc
487 3379 631 3451 quoque
645 3352 726 3427 loco
741 3356 944 3450 aegerrime
960 3354 1122 3428 dolemus
1136 3356 1226 3428 Livii
1239 3354 1409 3428 librorum

231 3481 421 3566 interitum,
453 3505 562 3577 quem
590 3479 637 3552 de
663 3480 837 3552 industria
864 3479 977 3552 Bibuli
1005 3505 1063 3553 res
1088 3496 1213 3576 gestas
1232 3495 1409 3552 tractasse

233 3583 383 3678 constat.
417 3607 454 3699 3)
485 3603 649 3711 Ciceroni
677 3604 706 3675 si
733 3601 823 3676 fides
851 3604 1036 3692 habeatur,
1054 3602 1217 3676 Bibulum
1231 3601 1410 3695 hocbello

232 3753 373 3801 summa
410 3727 554 3822 ignavia
580 3726 790 3800 excelluisse
816 3729 1048 3801 statuendum
1074 3744 1139 3800 est.
1155 3815 1157 3820 ,
1171 3729 1224 3801 Cf.
1254 3727 1301 3800 ad
1329 3728 1406 3799 Att.

233 3854 291 3923 Vl.
331 3856 364 3924 8.
396 3871 436 3942 5:
481 3877 572 3947 »ega
603 3854 681 3924 nisi
701 3853 867 3937 Bibulus,
896 3854 966 3949 qui,
996 3853 1081 3924 dum
1109 3879 1205 3925 unus
1229 3853 1341 3925 lastis
1370 3854 1410 3924 in

232 3977 345 4073 Syria
373 3974 466 4069 fuit,
502 3975 628 4069 palem
659 3986 771 4071 perta
800 4002 871 4048 nan
889 3979 981 4070 plus
1008 3979 1146 4064 entulr't,
1177 4003 1284 4073 quam
1311 3977 1411 4049 clamo

232 4125 300 4171 sua
328 4098 458 4181 consul,
486 4098 709 4170 aeluri‘eretur
732 4099 774 4171 ele
800 4099 993 4195 triumplu,
1021 4126 1127 4197 aepm
1149 4103 1270 4173 animo
1283 4127 1412 4185 essem‚·
1509 4187 1512 4190 ¹

236 4286 450 4300 ....-—-—-

272 4377 294 4434 1)
317 4372 355 4421 Ct.
376 4373 428 4422 Dio
448 4375 502 4423 XL.
524 4388 565 4438 30.

270 4460 295 4526 2)
317 4462 425 4509 Iustinus
455 4463 539 4512 XLII.
567 4479 584 4525 4
615 4457 689 4514 tradit
718 4467 851 4525 Pacorum,
869 4467 932 4531 patri
951 4474 1103 4531 suspectum,
1121 4477 1264 4518 revocatum
1282 4485 1344 4528 esse,
1365 4471 1411 4519 sed

233 4551 315 4598 minus
333 4558 400 4598 recte
419 4551 469 4598 hoc
490 4551 564 4600 refert
583 4553 616 4600 ad
635 4554 770 4618 superioris
790 4557 851 4604 anni
870 4557 1065 4620 expeditionem.

270 4641 294 4699 3)
312 4638 367 4686 Liv.
388 4639 454 4703 Epit.
475 4639 533 4688 libri
555 4643 651 4693 CVIII.
