3292 5259
796 330 833 390 93

219 479 357 553 nobiles
394 479 474 556 illae
503 500 608 558 πύλαι
634 503 795 567 Kanum,
828 509 894 580 per
930 509 1020 583 quas
1058 483 1174 578 Cyrus
1212 482 1331 556 Minor
1364 499 1406 562 et.

220 604 429 680 Alexander
464 609 621 707 Magnus
658 610 693 682 in
728 607 889 683 Ciliciam
925 608 1076 704 ingressi
1108 623 1199 680 sunt.
1230 610 1261 702 1)
1300 607 1400 680 Bona

219 730 359 803 fortuna
395 756 442 805 ex
476 733 665 807 Strabonis
701 733 993 807 adnotationibus
1029 731 1184 828 spatium
1220 729 1322 802 huius
1350 730 1403 802 iti·

220 855 313 926 neris
346 857 393 928 ab
419 856 557 953 oppido
585 858 723 953 Tyanis
750 884 864 957 usque
893 858 941 931 ad
969 857 1126 930 Tarsum
1155 854 1246 929 effici
1266 870 1398 952 potest.

219 976 353 1050 Strabo
384 1001 478 1073 539:
508 996 699 1074 »άφέστηκτ
725 1002 763 1058 δὲ
789 1001 831 1058 τά
851 1001 993 1071 Μάζακα
1011 1003 1073 1056 τοῦ
1091 1000 1154 1069 μὲν
1173 999 1307 1057 Πόντου
1325 1003 1400 1072 περί

218 1091 441 1170 ὀκτακοσίους
473 1105 633 1176 σταδίους
665 1105 748 1178 πρὸς
781 1104 893 1170 νότον,
921 1106 983 1160 τοῦ
1009 1099 1039 1158 δ
1069 1099 1253 1175 Εὐφράτου
1279 1103 1403 1176 μικρὸν

220 1215 383 1293 ἐλάττους
408 1221 429 1295 ἢ
452 1229 661 1299 διπλασίους,
687 1232 773 1286 τῶν
799 1231 1022 1286 Κιλικίων
1048 1228 1093 1285 δὲ
1120 1229 1270 1284 πυλών
1295 1223 1403 1284 ὁδὸν

219 1339 395 1419 ἡμερῶν
423 1346 468 1422 ἓξ
492 1357 662 1410 καὶτοῦ
689 1354 841 1426 Κύρου
869 1351 1278 1425 στρατοπέδουδιά
1298 1350 1401 1406 Τυά·
1467 1315 1469 1322 ¹

219 1489 314 1528 νων·
333 1475 445 1531 κατά
464 1474 605 1548 μέσην
623 1480 669 1537 δὲ
687 1480 765 1551 τὴν
782 1476 891 1537 ὁδὸν
908 1487 1058 1537 κεῖται
1076 1479 1125 1535 τά
1146 1479 1305 1545 Τύανα,
1324 1479 1401 1558 διέ-

219 1615 290 1667 χει
316 1600 361 1656 δὲ
388 1604 655 1676 Κυβίστρων
682 1606 982 1678 τριακοσίους
1008 1605 1262 1673 σταδίους.’“
1308 1587 1402 1659 Hinc

220 1727 320 1805 patet
335 1737 357 1784 a
371 1712 509 1808 Tyanis
524 1715 571 1787 ad
587 1716 671 1812 Cyri
688 1732 805 1790 castra
819 1717 926 1790 fuisse
948 1717 1014 1788 iter
1023 1715 1128 1788 trium
1141 1714 1289 1792 dierum.
1308 1711 1403 1785 Reli-

221 1859 329 1930 quum
358 1863 470 1934 usque
489 1838 537 1911 ad
553 1840 709 1913 Tarsum
723 1843 879 1938 spatium
895 1838 1073 1937 colligitur
1091 1863 1138 1912 ex
1158 1838 1276 1910 Strab.
1306 1844 1400 1929 673:

220 1969 281 2032 „to
308 1969 371 2037 μὲν
396 1955 458 2028 οὖν
481 1968 610 2045 άληθίς
636 1961 661 2031 ὅ
683 1974 809 2046 ἰσθμὸς
827 1978 885 2047 τῆς
903 1973 1172 2048 αεριωδευμένης
1189 1975 1400 2048 χερρονήσου

221 2081 322 2166 οὗτός
347 2093 439 2154 ἐστιν
465 2096 484 2156 ὁ
511 2096 578 2158 άπὸ
599 2105 733 2177 Ταρσοῦ
750 2106 807 2159 καί
825 2105 885 2173 τῆς
904 2098 1046 2174 ἐκβολῆς
1062 2105 1124 2159 τοῦ
1145 2101 1281 2158 Κύδνου
1298 2101 1399 2176 μέχρι
1487 2111 1490 2115 ’

220 2219 363 2292 Ἀμισοῦ·
392 2225 432 2281 τὸ
458 2227 522 2300 γάρ
541 2224 724 2298 ἐλάχιστον
739 2225 777 2300 ἐξ
792 2225 926 2298 Ἀμισοῦ
946 2228 1116 2297 διάστημα
1135 2224 1189 2285 ἐπὶ
1207 2228 1287 2298 τοὺς
1306 2231 1400 2283 Κιλί·

202 2370 289 2409 -κων
314 2350 416 2426 ὅρους
433 2349 522 2409 τοῦτ’
544 2349 645 2411 ἔστιν·
664 2350 867 2411 ἐντεῦθεν
885 2355 928 2410 δὲ
947 2350 1096 2411 ἑκατὸν
1114 2352 1276 2410 εἴκοσίν
1294 2352 1401 2417 εἰσιν

222 2483 278 2543 είς
298 2480 456 2553 Ταρσὸν
474 2480 657 2547 στάδιοι,
674 2477 836 2540 κάκεῖθεν
845 2481 887 2539 οὐ
897 2487 1034 2555 πλείους
1052 2481 1105 2541 ἐντί
1115 2485 1175 2555 τὴν
1185 2481 1327 2555 ἐκβολὴν
1336 2487 1398 2540 τοῦ

222 2603 385 2664 Κύδνου.”
430 2590 566 2662 Totum
595 2590 702 2688 igitur
734 2616 757 2663 a
784 2591 922 2686 Tyanis
952 2594 998 2665 ad
1024 2593 1180 2666 Tarsum
1209 2594 1276 2666 iter
1302 2593 1422 2666 haud¹
1485 2634 1508 2657 .-

222 2716 374 2813 aniplius
399 2725 553 2813 quatuor
578 2716 699 2787 diebus
727 2714 992 2804 conficiebatur,
1030 2717 1128 2812 quod
1158 2733 1242 2814 apte
1271 2743 1400 2790 conve-

221 2841 271 2913 nit
307 2866 388 2913 curn
420 2864 477 2927 eo,
520 2839 618 2936 quod
646 2838 799 2937 legimus
828 2841 926 2936 apud
954 2840 1246 2937 Xenophontem,
1277 2867 1400 2915 secun·

221 2967 305 3037 dum
331 2991 440 3063 quern
483 2964 600 3060 Cyrus
634 2966 725 3038 intra
753 2976 907 3062 quatuor
942 2967 1016 3038 durs
1041 2965 1110 3037 hoc
1137 2966 1204 3037 iter
1232 2991 1400 3038 emensus

221 3106 285 3178 est,
321 3093 355 3185 2)
399 3089 506 3186 idque
545 3115 625 3161 curn
665 3087 775 3184 longe
813 3089 951 3161 maiore
993 3089 1162 3178 exercitu,
1198 3115 1307 3186 quam
1339 3091 1399 3187 qui

221 3214 403 3292 Ciceronis
437 3213 542 3309 signa
583 3214 812 3309 sequebatur.
872 3212 1035 3284 Ciceroni
1064 3213 1211 3310 quidem
1239 3214 1306 3286 iter
1333 3230 1401 3288 tre-

220 3339 331 3412 centis
355 3338 480 3410 stadiis
505 3334 647 3435 longius
672 3336 931 3410 conficiendum
959 3353 1046 3425 erat,
1081 3341 1116 3434 3)
1146 3338 1213 3410 sed
1239 3363 1401 3411 consurn-
1433 3361 1435 3367 ·

218 3465 263 3536 sit
290 3462 464 3559 temporis
493 3462 649 3558 spatium
674 3460 780 3558 triplo
806 3462 930 3535 maius
960 3488 992 3534 a.
1021 3463 1055 3535 d.
1084 3462 1164 3534 VIII
1189 3461 1270 3535 Kal.
1289 3463 1401 3544 Octo,

165 3616 173 3628 ·
219 3589 290 3661 bris
309 3614 332 3660 a
352 3587 527 3683 Cybistris
541 3587 722 3682 profectus
742 3586 898 3659 Tarsum
917 3587 1081 3683 pervenit
1100 3612 1131 3659 a.
1149 3587 1183 3658 d.
1201 3587 1244 3658 III
1259 3586 1392 3660 Nonas

219 3711 319 3802 Oct,
352 3714 390 3808 4)
421 3711 457 3783 id
499 3726 555 3783 est
590 3712 646 3782 die
677 3712 885 3783 ιίαοάααντο.
939 3710 1063 3807 Itaque
1099 3701 1146 3782 ad
1175 3709 1319 3783 nihilum
1347 3737 1400 3784 re-

256 3915 280 3975 ι)
300 3913 365 3962 Xen.
394 3912 478 3962 Anab.
509 3912 529 3962 1.
559 3923 582 3962 2.
612 3912 790 3971 213Diodor.
809 3913 882 3972 XIV,
904 3925 951 3972 203
971 3911 1069 3960 ArrIan.
1091 3912 1189 3977 Exped.
1208 3914 1250 3964 AI.
1272 3916 1306 3964 II.
1329 3927 1351 3978 7,
1370 3931 1396 3966 -1.

253 4003 278 4058 τ)
297 4002 362 4050 Xen.
381 4001 464 4049 Anab.
486 4000 506 4050 1.
528 4013 551 4050 2.
572 4011 613 4048 22.
634 3992 778 4067 ,,καταβάς
796 3995 828 4050 δέ
848 3993 897 4050 διά
915 3993 1020 4049 τούτου
1038 3997 1088 4049 τοῦ
1098 3997 1202 4052 ’πεδίου
1212 3997 1296 4068 ἤλασε
1309 4005 1395 4054 σταθ-

214 4083 283 4154 μοὺς
305 4083 451 4153 τέτταρας,
477 4081 668 4152 παρασάγγας
676 4082 762 4139 πέντε
781 4082 830 4137 καί
851 4085 957 4138 εἴκοσιν
978 4081 1017 4144 εἰς
1039 4083 1193 4152 Τάρσους.”
1235 4093 1271 4140 Ηί
1290 4101 1398 4158 quatuor

187 4200 190 4204 ·
216 4179 276 4238 dus,
301 4186 327 4228 ut
355 4195 399 4243 par
418 4186 454 4227 est
472 4186 496 4227 et
515 4194 529 4226 a
549 4177 673 4226 Strabone
693 4177 811 4238 firmatur,
831 4165 883 4226 non
904 4185 1018 4242 spectant
1037 4177 1069 4226 ad
1089 4179 1135 4227 Iter
1153 4196 1198 4244 per
1218 4181 1322 4230 CIIIcIae
1342 4182 1393 4246 pla-

214 4267 309 4327 nitiem,
339 4267 384 4316 sed
402 4267 435 4316 ad
454 4267 520 4315 viam
539 4282 554 4314 a
574 4259 654 4315 Danis
673 4267 706 4315 ad
725 4267 832 4314 Tarsum
852 4281 939 4330 usque.
980 4267 1052 4315 Dana
1071 4268 1130 4316 urbs
1148 4269 1218 4332 apud
1239 4269 1397 4333 Xenophon·

131 4400 133 4403 .
215 4363 265 4403 tem
283 4357 372 4405 eadem
391 4363 435 4416 est,
454 4372 518 4420 quae
538 4355 615 4419 vulgo
635 4356 723 4418 Tyana
742 4363 856 4404 vocatur.

251 4449 277 4507 3)
296 4447 406 4494 Primum
426 4445 494 4494 enim
514 4446 559 4495 iter
579 4453 631 4494 erat
650 4445 795 4494 sacIendum
815 4462 830 4493 a
852 4445 973 4509 CybIstrIs
992 4444 1025 4492 ad
1043 4445 1139 4508 Tyana,
1160 4444 1230 4508 quod
1249 4451 1285 4492 est
1303 4417 1397 4492 tresen-

215 4539 296 4581 tornm
315 4534 432 4584 stadium.
453 4534 492 4586 Cf.
513 4534 594 4584 Strab,
614 4535 631 4582 I.
641 4535 658 4582 I.

250 4628 278 4678 4)
297 4621 330 4669 ad
351 4623 401 4698 Art.
426 4623 456 4672 V.
477 4635 518 4670 20.
540 4635 564 4684 3.
