3292 5259
825 589 896 654 XV.

316 809 431 872 Iniuria
455 807 497 870 ab
521 807 746 889 interpretibus
770 807 801 868 in
825 805 951 868 Horatii
975 805 1115 868 carmine
1138 805 1191 867 III.
1218 809 1248 870 8.
1278 822 1316 887 17
1329 808 1448 872 verba:

553 915 666 978 »Mitte
690 914 799 976 civiles
822 935 918 996 super
942 914 1022 976 urbe
1046 913 1160 975 curas''

274 1022 448 1086 referuntur
471 1026 512 1087 ad
537 1005 993 1103 Maecenatis'praelecturam
1017 1019 1114 1083 urbis.
1147 1059 1178 1068 η

821 1253 909 1320 XVI.

318 1488 387 1552 Liv.
413 1489 516 1554 XLV.
546 1491 602 1552 18:
629 1486 810 1550 Commune
835 1485 1001 1549 consilium
1026 1487 1131 1568 gentis
1155 1496 1240 1549 esset
1264 1487 1450 1569 improbum

274 1595 359 1676 vulgi
383 1598 571 1658 adsentator
594 1595 765 1679 aliquando
775 1594 957 1658 libertatem
972 1593 1090 1657 salubri
1104 1596 1326 1658 moderatione
1339 1597 1449 1678 datam

274 1705 316 1766 ad
340 1704 500 1766 licentiam
523 1703 728 1785 pestilentem
751 1702 902 1764 traheret.
927 1703 963 1764 In
988 1711 1125 1786 quatuor
1148 1703 1297 1784 regiones
1311 1703 1451 1767 describi

275 1811 510 1885 Macedoniam,
535 1819 570 1873 ut
593 1832 687 1873 suum
712 1830 859 1895 quaeque
883 1809 1050 1872 concilium
1073 1809 1217 1880 haberet,
1231 1810 1361 1892 placuit,
1376 1831 1449 1896 sqq.

318 1915 531 1980 Scribendum
555 1919 695 1982 videtur:
719 1919 780 1990 Ne,
805 1937 978 1980 commune
995 1915 1170 1983 consilium
1191 1916 1298 1998 gentis
1309 1917 1341 1978 si
1353 1925 1449 1992 esset,

275 2026 441 2107 improbus
466 2025 551 2108 vulgi
574 2027 762 2090 adsentator
784 2025 976 2111 aliquando¹
994 2075 1000 2088 .
1016 2073 1043 2090 ..
1069 2023 1226 2098 traiceret,
1251 2023 1286 2087 in
1310 2033 1449 2108 quatuor

274 2133 423 2216 regiones
446 2153 520 2219 sqq.

811 2365 915 2429 XVII.

320 2581 385 2644 Cic.
417 2582 520 2662 Epist.
546 2582 588 2643 ad
612 2581 703 2646 Fam.
727 2581 765 2642 11.
791 2596 826 2662 7:
867 2601 931 2644 non
954 2600 1068 2644 vereor
1090 2601 1131 2642 ne
1155 2579 1234 2664 quid
1258 2579 1380 2652 timide,
1406 2597 1447 2639 ne

276 2688 351 2772 quid
376 2688 472 2751 stulte
495 2687 601 2750 facias

319 2793 380 2855 Pro
404 2794 516 2858 timide
539 2793 648 2856 malim
672 2805 797 2858 temere.

799 3024 919 3088 XVIII.

320 3242 386 3305 Cic.
411 3243 505 3323 Epist
528 3243 569 3304 ad
593 3241 685 3303 Fam.
709 3241 763 3304 III.
786 3242 816 3302 6.
843 3239 883 3302 6:
909 3248 1013 3302 castra
1035 3242 1126 3325 moni
1145 3242 1188 3305 ab
1210 3241 1321 3303 Iconio
1345 3241 1448 3323 pridie

276 3351 348 3412 Kal.
372 3349 461 3430 Sept.

320 3457 426 3538 Lege:
450 3456 582 3520 movebo
605 3457 656 3519 ab.

815 3668 905 3731 XIX.

319 3905 440 3986 Nepos,
476 3905 638 3966 Eumenes
660 3924 698 3981 4:
735 3904 798 3986 Qui
828 3925 900 3967 cum
925 3906 1006 3967 inter
1030 3925 1064 3966 se
1089 3905 1251 3987 complexi
1275 3906 1306 3966 in
1331 3915 1449 3968 terram

276 4034 318 4074 ex
353 4013 445 4095 equis
476 4013 678 4085 decidissent,
704 4021 740 4075 ut
751 4012 861 4091 facile
884 4012 1026 4095 intellegi
1040 4023 1174 4093 possent
1195 4013 1327 4076 inimica
1348 4023 1450 4076 inante

274 4131 471 4194 contendisse
492 4131 642 4212 animoqe
664 4132 771 4212 magis
788 4131 887 4193 atzam
905 4141 1070 4214 domasse
1098 4153 1198 4213 qnam
1220 4141 1363 4211 corpore,
1386 4149 1449 4193 nan

268 4251 368 4332 prins
390 4250 542 4313 distracti
561 4260 644 4328 sunt,
670 4270 769 4333 qnam
790 4249 931 4314 alteram
955 4251 1070 4314 anima
1090 4251 1295 4332 relinqueret.

320 4367 412 4429 Haec
447 4367 524 4429 mihi
559 4367 603 4429 sie
637 4368 878 4450 transponenda
911 4368 1076 4430 videntur:
1102 4389 1165 4431 non
1184 4368 1285 4449 pm'ns
1300 4367 1452 4429 distracti

274 4487 358 4550 sant,
378 4495 476 4557 qaam
496 4475 637 4537 alteram
664 4476 779 4539 anima
801 4477 1011 4560 relinqueret,
1034 4487 1071 4539 ut
1086 4476 1194 4556 facile
1217 4474 1359 4557 intelligi
1372 4484 1448 4554 pos-

274 4591 345 4644 sent
365 4583 499 4646 inimica
521 4594 624 4647 mente
646 4584 842 4650 contendisse
862 4585 1034 4671 animoque
1049 4585 1157 4670 magis
1179 4583 1277 4646 etiam
1285 4592 1450 4667 pugnasse

277 4712 373 4775 qnam
397 4703 536 4774 corpore.
