3292 5259
744 366 777 424 57

218 517 332 590 Auno
369 542 428 606 20,
467 520 601 592 veritus
637 545 684 591 ne
713 520 903 614 Augustus
929 521 965 593 id
993 507 1165 618 temporis
1192 525 1225 596 in
1253 525 1343 598 Asia

168 642 309 738 degens
349 641 481 715 bellum
518 644 585 717 sibi
610 644 766 732 inferret,
795 645 943 716 tandem
976 644 1167 743 aliquando
1194 651 1342 744 captivis

167 767 353 865 signisque
379 769 577 841 Crassianis
604 768 829 841 remittendis
847 784 992 864 pactum
1007 786 1197 843 exsecutus
1217 788 1282 844 est.
1306 777 1338 868 1)

220 894 324 965 Nunc
351 893 422 965 iam
446 893 644 980 videamus,
673 917 729 979 an,
761 892 821 988 qui
850 889 945 964 solus
970 908 1115 988 praeter
1133 893 1292 968 Dionem
1307 913 1343 969 et

132 1112 136 1120 Α
166 1019 334 1090 Iustinum
363 1043 421 1090 res
442 995 632 1090 'Parthicas
657 1015 746 1095 illius
772 1017 901 1089 aetatis
926 1016 1056 1114 attigit,
1082 1017 1263 1092 ,Horatius
1290 1047 1341 1093 re·

168 1166 245 1212 rum
288 1142 450 1213 ordinem
492 1167 515 1214 a
556 1167 615 1213 me
647 1141 874 1237 propositum
902 1166 974 1214 non
1002 1141 1083 1214 dico
1109 1141 1276 1232 stabiliat,
1306 1163 1343 1217 at

168 1263 297 1337 saltem
322 1266 397 1338 veri
422 1266 544 1361 specie
573 1266 705 1337 induat.
735 1264 858 1358 Quem
886 1290 966 1336 cum
995 1265 1028 1338 in
1048 1264 1217 1338 auxilium
1235 1295 1338 1352 vocO,

167 1389 313 1463 minime
347 1416 407 1463 me
440 1390 613 1486 praeterit
637 1405 862 1485 quantopere
890 1389 937 1461 sit
963 1414 1021 1462 res
1046 1386 1180 1462 lubrica
1205 1407 1242 1464 et
1269 1418 1342 1465 am-

165 1514 277 1611 bigua
303 1514 337 1585 in
362 1515 470 1587 rebus
497 1513 671 1586 historicis
699 1527 914 1609 argumenta
942 1538 988 1584 ex
1007 1511 1067 1586 tali
1086 1514 1184 1587 sonte
1203 1532 1338 1612 petere.

63 1633 67 1637 ’
165 1639 321 1710 Primum
363 1639 459 1710 enim
492 1637 634 1710 Horatii
666 1637 824 1709 carmina
858 1637 907 1708 ita
931 1652 1012 1709 sunt
1039 1655 1259 1734 comparata,
1303 1658 1341 1714 ut

164 1763 308 1858 saepius
334 1763 412 1858 ipsa
439 1762 610 1835 historiae
634 1759 751 1832 lucem
779 1760 995 1849 desiderent,
1024 1787 1133 1857 quam
1148 1765 1274 1837 ceteris
1289 1790 1340 1838 re·

165 1913 243 1959 rum
270 1887 503 1984 scriptoribus
527 1883 642 1958 lucem
669 1867 798 1957 afferre
823 1884 972 1980 possint.
1001 1885 1112 1958 Haud
1139 1913 1228 1961 unus
1243 1886 1341 1962 locus

163 2011 279 2098 adest,
309 2037 356 2082 ex
384 2036 457 2106 quo
485 2025 619 2106 pateat,
657 2006 753 2080 illum
779 2007 949 2105 exempla
973 2035 1021 2082 ex
1044 2010 1192 2086 historia
1218 2031 1340 2111 peten-

166 2149 251 2222 tem,
282 2131 339 2206 vel
365 2133 413 2206 ad
439 2159 497 2205 res
524 2142 658 2228 gestas
675 2156 763 2205 suae
790 2133 920 2205 aetatis
946 2130 1174 2226 alludentem,
1207 2164 1279 2212 non
1305 2141 1340 2211 id

166 2283 312 2354 semper
350 2259 481 2355 egisse,
523 2273 562 2329 ut
602 2258 701 2354 quod
743 2273 880 2329 certum
913 2257 1211 2358 exploratumque
1244 2281 1340 2337 esset

165 2399 396 2480 sequeretur,
425 2382 603 2454 interdum
628 2406 650 2453 a
676 2381 828 2454 veritate
855 2381 1028 2471 discessit,
1054 2385 1198 2481 saepius
1217 2405 1340 2484 poeta-

164 2497 243 2579 rum
277 2532 378 2581 more
406 2507 444 2579 id
467 2507 535 2579 sibi
559 2505 720 2602 sumpsit,
748 2521 787 2577 ut
811 2531 870 2578 res
895 2522 1019 2602 gestas
1035 2509 1224 2606 magnifice
1239 2537 1339 2585 exor-

166 2648 268 2704 naret
297 2648 335 2705 et
364 2628 606 2728 amplificaret,
635 2646 675 2703 ut
698 2628 778 2726 plus
806 2631 888 2704 inde
913 2628 1028 2704 laudis
1053 2658 1096 2704 ac
1123 2634 1268 2710 honoris
1293 2639 1340 2710 ad

168 2757 375 2853 Augustum
395 2771 608 2852 ceterosque
627 2755 784 2827 lautores
803 2755 990 2850 pervenire
1008 2773 1143 2852 posset.
1173 2759 1279 2853 Quae
1293 2763 1341 2833 vi·

166 2881 217 2953 tia
251 2875 428 2977 apparent
452 2880 562 2953 etiam
588 2880 629 2956 iis
654 2877 752 2966 locis,
781 2880 910 2976 quibus
934 2881 1097 2953 Parthica
1116 2884 1242 2979 tangit.
1271 2859 1342 2958 De·

166 3004 295 3099 fungar
322 3001 500 3099 exemplo.
531 3005 569 3075 ln
596 3004 754 3076 carmine
778 3005 817 3090 ll,
848 3029 883 3095 9,
915 3008 1068 3076 18-22
1099 3023 1210 3102 poeta
1238 3009 1341 3082 dicit:

699 3131 752 3201 Er
765 3132 891 3224 puteus
916 3155 1006 3201 uovu
1072 3154 1076 3162 ¹

384 3253 574 3324 Cuutuuus
598 3253 766 3349 Augusti
788 3263 932 3348 luopueu

384 3378 553 3448 Caesaris
579 3387 614 3448 et
636 3376 799 3473 uugiu’uuu
826 3377 1026 3472 ltu‘puauu,

379 3502 596 3596 Medumque
609 3500 754 3597 flumen
775 3501 943 3596 gentibus
968 3501 1130 3573 udduluuu

389 3625 498 3697 Vicus
525 3627 681 3697 minores
707 3626 843 3697 uoluere
868 3625 1020 3696 uertices.

217 3749 391 3822 Attamen
418 3747 565 3820 historia
593 3747 771 3836 discimus
790 3772 995 3844 numquam
1021 3746 1171 3821 Parthos
1195 3748 1242 3820 ab
1270 3748 1343 3820 Au·
1433 3759 1435 3763 ’

170 3890 279 3976 gusto
305 3877 474 3973 gentibus
501 3877 603 3949 victis
617 3903 713 3949 -esse
741 3878 895 3950 additos

207 4049 229 4107 1)
249 4046 307 4094 Hac
327 4046 359 4094 de
379 4061 405 4094 re
423 4046 482 4094 vide
500 4046 612 4094 Dionem
631 4045 700 4105 LIV,
720 4045 753 4105 8;
783 4046 851 4094 Suet.
870 4047 936 4109 Aug.
958 4057 999 4103 21,
1018 4043 1075 4092 Tib.
1096 4057 1111 4105 9
1122 4061 1129 4103 ;
1149 4044 1214 4093 Vell.
1235 4045 1270 4102 ΙΙ,
1288 4057 1318 4106 91
1335 4063 1342 4104 ;

168 4136 223 4186 Liv.
244 4135 396 4193 CXXXIX;
417 4135 490 4185 Mon.
510 4136 603 4197 Ancyr.
622 4134 654 4191 V,
674 4147 726 4195 403
756 4135 906 4183 Strabonem
921 4133 979 4196 748,
999 4127 1041 4198 qul
1060 4140 1143 4204 tamen
1164 4133 1344 4191 incusabitur,

168 4233 195 4274 ut
213 4241 260 4290 pro
280 4224 357 4289 signis
378 4224 527 4272 militaribus
546 4216 581 4272 τὰ
602 4216 726 4286 τρόπαια
746 4223 812 4270 dicat
831 4229 930 4286 recepta
947 4236 1008 4270 esse.
1020 4221 1150 4269 Praeterea
1160 4221 1247 4270 confer
1256 4228 1343 4286 poetas
1360 4285 1363 4292 Ι

163 4314 288 4362 Ovidium
306 4313 390 4375 (Trist.
410 4315 455 4372 11,
476 4323 545 4373 2273
565 4313 631 4362 Fast.
656 4312 702 4369 VI,
720 4311 785 4372 467)
794 4328 801 4370 ;
831 4312 922 4360 Horat.
943 4310 1001 4376 (Ep.
1023 4311 1044 4368 Ι,
1066 4308 1105 4367 18,
1125 4309 1159 4372 56
1167 4327 1175 4368 ;
1196 4311 1277 4358 Carm.
1299 4311 1343 4368 lV,

171 4413 211 4466 15,
231 4402 265 4462 6.)
288 4402 401 4466 Propert.
421 4397 506 4469 (Eleg.
527 4401 579 4458 ΙΙΙ,
601 4412 623 4458 1,
646 4412 691 4462 135
713 4399 757 4449 IV.
778 4413 810 4460 3;
833 4399 878 4458 IV,
899 4409 923 4461 5,
942 4398 993 4460 48;
1012 4399 1058 4456 IV,
1079 4410 1127 4456 11;
1147 4398 1179 4455 V,
1191 4397 1215 4455 6,
1229 4408 1269 4459 79.
1280 4401 1342 4463 sqq).

168 4492 211 4558 qui
234 4506 323 4539 omnes
341 4491 408 4538 hunc
427 4497 544 4538 eventum
563 4486 647 4536 effusis
667 4487 784 4536 laudibus
803 4487 938 4545 celebrant,
965 4492 1092 4550 tamquam
1110 4485 1160 4533 iam
1179 4493 1261 4534 actum
1280 4493 1344 4534 esset

167 4580 202 4629 de
218 4579 367 4628 Parthorum
386 4577 501 4642 imperio.
521 4578 638 4625 Aetatem
658 4577 766 4624 tulerunt
784 4577 880 4624 nummi
900 4577 941 4641 qui
961 4576 1025 4624 hanc
1034 4573 1222 4637 inscriptionem
1232 4574 1343 4622 incusam

167 4669 278 4718 habent:
298 4666 416 4716 SIGNIS
438 4665 633 4713 PARTHICIS
653 4665 833 4714 RECEPTIS.
