3292 5259
863 303 882 370 l

285 489 353 564 pro
398 464 587 564 explorato
633 466 830 539 affirmavit
874 467 1023 540 Heeren
1068 467 1102 538 in
1137 463 1246 539 nobili
1274 489 1386 561 opere
1413 453 1462 535 de

286 592 440 665 fontibus
473 608 511 665 et
542 593 755 665 auctoritate
780 594 934 665 vitarum
961 589 1211 689 parallelarum
1236 593 1283 686 Ι).

338 717 578 814 Nequaquam
607 717 764 791 diffiteor
790 714 848 790 vel
877 718 993 813 primo
1019 717 1194 813 adspectu
1213 715 1305 787 hanc
1324 713 1461 785 coniec-

283 858 400 915 turam
436 842 669 915 vehementer
707 842 792 914 mihi
830 843 999 915 arrisisse.
1058 842 1155 915 Satis
1192 841 1287 914 enim
1320 853 1461 912 constat

285 964 392 1040 Dellii
423 966 631 1039 historicum
664 994 755 1065 opus
782 968 967 1064 cognitum
986 968 1093 1040 fuisse
1107 965 1306 1049 Plutarcho
1325 965 1461 1062 quippe

285 1092 345 1189 qui
373 1092 407 1163 in
433 1092 565 1166 eadem
584 1094 658 1166 vita
681 1097 716 1190 2)
740 1112 915 1189 ἱστορικοῦ
935 1095 1079 1167 nomine
1099 1092 1222 1165 addito
1242 1090 1461 1163 mentionem

284 1216 359 1289 eius
385 1217 501 1291 saciat.
558 1219 753 1295 Praeterea
781 1238 818 1295 et
845 1222 915 1295 hoc
942 1247 1029 1294 vere
1056 1219 1164 1292 statui
1191 1232 1313 1314 potest
1327 1212 1461 1287 Plutar-

284 1341 389 1413 chum
416 1342 450 1415 in
481 1345 588 1417 rebus
608 1346 817 1420 enarrandis
833 1347 1037 1444 confugisse
1053 1345 1100 1418 ad
1114 1343 1364 1417 auctoritatem
1382 1340 1457 1429 viri,

284 1467 344 1564 qui
382 1468 543 1542 Antonio
571 1470 809 1545 familiaritate
838 1488 935 1545 esset
962 1472 1178 1544 coniunctus
1208 1468 1353 1541 Etenim
1381 1466 1461 1563 quis

284 1618 355 1665 non
388 1593 479 1667 inter
506 1592 702 1693 legendum
730 1596 925 1686 mirabitur,
955 1595 1103 1668 Antonii
1130 1618 1335 1690 personam,
1366 1616 1460 1688 quae

284 1717 318 1789 in
346 1720 474 1792 ceteris
502 1720 597 1793 vitae
625 1722 787 1817 partibus
811 1722 846 1793 in
864 1745 1042 1793 summam
1061 1719 1261 1792 adducatur
1279 1715 1457 1803 invidiam,

283 1843 343 1915 ubi
370 1843 539 1940 primum
553 1861 678 1918 auctor
706 1846 753 1919 ad
781 1871 839 1919 res
867 1846 1049 1919 Parthicas
1077 1844 1278 1933 accesserit,
1299 1842 1460 1915 studiose

283 1969 386 2041 nobis
419 1970 675 2059 commendari,
716 1971 821 2061 ade0,
857 1988 897 2044 ut
924 1972 984 2069 qui
1012 1972 1124 2043 modo
1150 1968 1270 2043 helluo
1298 1967 1460 2065 perditis·

283 2092 393 2165 simus
426 2109 464 2165 et
491 2110 656 2167 extrema
684 2092 830 2168 levitate
858 2111 1001 2169 notatus
1031 2097 1079 2168 ob
1103 2095 1226 2168 oculos
1252 2094 1354 2166 nobis
1381 2117 1458 2165 ver-

282 2218 438 2306 sabatur,
471 2243 562 2289 nunc
590 2234 739 2315 repente
759 2220 915 2316 prodeat
929 2221 964 2293 in
978 2246 1123 2294 scenam
1136 2236 1322 2316 tamquam
1337 2242 1458 2290 exem·

281 2338 379 2437 plum
411 2340 549 2412 virtutis
577 2357 614 2413 et
642 2345 875 2418 constantiae.
932 2346 1031 2419 Vitia
1058 2346 1133 2419 eius
1160 2359 1374 2432 excusantur
1401 2340 1458 2415 vel

282 2462 557 2552 dissimulantur,
585 2464 749 2541 laudibus
774 2469 907 2543 tollitur
926 2472 1003 2544 eius
1017 2469 1233 2567 simplicitas,
1251 2464 1454 2554 liberalitas

281 2589 442 2675 comitae,
474 2588 611 2661 animus
639 2592 673 2662 in
700 2590 884 2668 laboribus
912 2596 1012 2667 sortis
1040 2609 1078 2667 et
1102 2610 1286 2681 strenuus,
1321 2616 1456 2661 memo-

279 2729 377 2786 ratur
413 2711 562 2785 militum
599 2716 700 2789 favor
736 2734 845 2815 atque
874 2718 991 2815 gratia
1013 2717 1071 2789 vel
1096 2717 1144 2789 ad
1170 2716 1307 2811 priscos
1335 2736 1455 2783 mores

279 2838 492 2913 incredibilis
524 2843 573 2937 3).
606 2842 774 2939 Denique
804 2858 841 2914 et
867 2842 937 2914 hoc
952 2842 1034 2914 veri.
1044 2838 1158 2913 simile
1173 2854 1238 2926 est,
1257 2852 1451 2921 auctorem,

280 2992 388 3063 quem
416 2963 624 3039 Plutarchus
654 2967 783 3039 ducem
815 2968 882 3041 sibi
907 2965 1069 3063 elegerit,
1100 2966 1207 3039 luisse
1235 2978 1296 3037 aut
1323 2976 1455 3034 testem

280 3088 460 3162 oculatum
495 3106 557 3163 aut
589 3089 717 3165 saltem
755 3119 802 3166 ex
839 3092 990 3165 testibus
1025 3088 1174 3164 oculatis
1207 3115 1272 3162 sua
1296 3087 1452 3185 petiisse.

286 3278 430 3289 nnn—...-

313 3390 340 3449 1)
377 3384 443 3435 Vide
474 3401 532 3450 pag.
555 3386 603 3435 182
622 3388 705 3453 operis
725 3388 837 3437 laudati:
857 3389 953 3446 „Hunc
971 3386 1055 3435 Dellii
1071 3384 1276 3435 commentarium
1287 3380 1456 3431 Plutarchum

278 3475 305 3526 in
330 3476 437 3528 Antonii
455 3474 607 3540 expeditione
626 3476 749 3525 Parthica
769 3493 818 3524 non
838 3477 908 3524 modo
923 3484 981 3523 ante
999 3474 1079 3523 oculos
1096 3474 1217 3532 habuisse,
1231 3472 1275 3521 sed
1281 3474 1351 3521 unice
1360 3488 1456 3537 quoque

277 3576 387 3615 secutum
415 3582 463 3613 esse
490 3564 605 3613 dubitari
633 3566 719 3630 nequit
728 3582 740 3623 ,·
763 3566 799 3614 ita
818 3574 855 3625 ut,
875 3582 940 3629 quae
958 3565 1077 3629 capitibus
1094 3572 1175 3629 supra
1191 3562 1334 3611 memoratis
1351 3562 1456 3626 legimus

272 3664 325 3722 pra
353 3655 455 3720 epitome
474 3653 527 3701 eius
545 3653 658 3702 labenda
676 3654 735 3714 siut,
754 3654 782 3702 in
803 3635 932 3702 nonnullis
950 3670 1017 3713 uero,
1036 3654 1154 3718 copiosius
1172 3653 1309 3712 erearratat,
1327 3652 1382 3717 ipsa
1393 3655 1455 3718 fere

278 3746 354 3793 verba
375 3742 504 3791 retinuisse
522 3744 661 3801 videatnr;
682 3743 709 3792 in
728 3760 776 3807 qno
794 3743 851 3808 quas
868 3759 918 3791 non
935 3743 1074 3791 Plutarchi
1089 3742 1211 3790 iudicium
1220 3742 1340 3807 probabit
1353 3744 1384 3790 ?”
1395 3743 1454 3789 Pro·

279 3834 345 3882 fecto
374 3848 462 3897 parum
492 3832 622 3895 cognitum
650 3834 727 3883 habet
747 3832 874 3881 Plutarchi
893 3833 1014 3880 iudicium
1033 3840 1057 3880 et
1075 3832 1205 3881 historiam
1224 3831 1401 3880 conscribendi
1419 3848 1455 3879 ra-
1476 3835 1487 3882 Ι

279 3922 385 3978 tionem,
414 3920 555 3985 quicunque
585 3937 642 3970 eum
670 3938 715 3988 per
743 3930 797 3970 tota
825 3922 907 3986 capita
938 3922 1082 3987 exemplum
1110 3920 1143 3969 ad
1170 3920 1274 3968 verbum
1294 3919 1456 3984 descripsisse

279 4009 381 4058 iudicat.
400 4009 461 4056 Non
490 4016 541 4057 erat
570 4010 622 4058 eius
641 4010 769 4075 ingenium
788 4018 839 4059 tam
858 4010 986 4059 mediocre
1007 4017 1031 4059 et
1050 4009 1214 4068 imbecillum,
1234 4016 1260 4057 ut
1278 4008 1311 4057 ad
1330 4025 1369 4057 res
1388 4024 1456 4057 enar-

279 4097 371 4147 randas
399 4097 497 4146 alienae
528 4098 649 4147 orationis
677 4099 814 4164 indigeret3
844 4099 895 4148 suis
914 4099 997 4148 verbis
1016 4098 1126 4147 reddidit
1145 4114 1209 4163 quae
1228 4098 1253 4145 in
1274 4096 1385 4144 fontibus
1404 4096 1456 4144 suis

279 4186 382 4249 legerat.
404 4185 482 4247 Quod
503 4201 560 4234 cum
579 4186 605 4234 in
627 4187 769 4237 universum
787 4206 874 4238 verum
893 4188 933 4247 sit,
952 4196 1004 4236 tum
1017 4188 1155 4253 imprimis,
1175 4188 1276 4253 opinor,
1285 4187 1352 4236 valet
1364 4188 1390 4235 in
1399 4188 1455 4246 hac,

281 4274 313 4323 de
332 4290 381 4339 qua
400 4274 488 4338 agitur,
509 4275 593 4340 operis
621 4284 698 4340 parte,
719 4294 768 4342 qua
787 4278 896 4343 propriis
917 4278 968 4326 illis
988 4284 1012 4326 et
1030 4278 1081 4325 suis
1091 4277 1203 4336 dotibus,
1213 4276 1334 4324 orationis
1344 4277 1456 4324 ubertate

281 4370 305 4412 et
324 4364 453 4422 suavitate,
473 4379 554 4413 rerum
575 4371 700 4428 gestarum
719 4367 879 4431 expositione
898 4368 965 4415 clara
974 4374 999 4415 et
1007 4366 1100 4425 vivida,
1110 4367 1164 4431 ipse
1175 4382 1202 4415 se
1210 4381 1340 4429 superasse
1349 4366 1455 4413 videtur.

317 4455 341 4511 2)
378 4451 416 4499 Cf.
447 4452 510 4500 Plut.
541 4452 600 4502 Ant.
622 4462 673 4515 59:
693 4446 812 4512 πολλοὺς
831 4449 862 4504 δὲ
881 4451 930 4505 nal
947 4454 1003 4505 τῶν
1020 4448 1110 4505 ἄλλων
1128 4451 1217 4519 φίλων
1235 4446 1265 4503 oi
1272 4448 1455 4517 Κλεοπάτρας

280 4533 399 4597 κόλακες
415 4531 546 4609 ἐξέβαλον
558 4576 652 4590 ......
672 4532 710 4591 ὧν
729 4531 954 4610 καὶΜάρκοςῆν
963 4538 1087 4603 Σιλανὸς
1096 4539 1145 4594 καὶ
1155 4535 1271 4600 Δέλλιος
1282 4534 1296 4592 ὁ
1309 4535 1454 4607 ἱστορικός.

316 4628 341 4687 3)
378 4625 472 4674 Confer
492 4625 614 4691 imprimis
635 4627 718 4691 capita
737 4639 770 4688 43
791 4633 815 4675 et
833 4641 877 4688 44.
