3292 5259
916 301 954 372 48

345 472 468 568 ltaque
496 470 543 543 ad
572 494 743 567 magnam
771 495 875 565 spem
901 484 1042 542 erectus
1070 494 1117 543 ex
1144 469 1320 564 Aegypto
1348 468 1452 555 abiit,
1486 484 1523 539 ut

344 594 480 690 poenis
517 594 546 666 si
574 593 649 667 fieri
677 608 811 689 posset,
843 618 865 665 a
892 592 1038 689 perfidis
1063 592 1245 664 Armeniis
1272 592 1439 687 sumptiS,
1478 592 1522 663 ad

345 717 507 789 Araxem
527 717 658 789 flumen
677 741 758 789 cum
777 716 892 789 Medo
913 717 1060 805 iunctus,
1091 715 1211 789 denuo
1235 714 1367 789 bellum
1386 718 1523 789 Parthi-

345 868 425 913 cum
453 841 606 913 inferret.
634 840 771 913 Verum
799 866 844 912 ne
871 840 960 913 haec
986 840 1133 937 quidem
1152 840 1336 937 expeditio
1350 841 1401 912 ad
1416 840 1522 911 finem

252 1060 254 1065 Ι
345 978 510 1060 optatum
544 964 717 1060 perducta
745 979 810 1036 est.
870 964 965 1036 Nam
994 964 1116 1036 medio
1144 965 1269 1037 itinere
1293 990 1360 1060 per
1385 963 1523 1036 litteras

345 1089 474 1161 certior
501 1106 557 1161 est
584 1088 706 1175 lactus,
744 1087 936 1160 Octaviam
961 1112 1113 1161 uxorem
1132 1089 1253 1160 Roma
1279 1087 1346 1159 sibi
1374 1088 1522 1163 obviarn
1598 1093 1600 1100 '

344 1213 553 1310 prolectam,
593 1194 758 1285 Athenas
784 1213 864 1285 iam
885 1212 1113 1307 pervenisse,
1157 1212 1356 1307 pecuniam,
1378 1209 1520 1296 milites,

345 1335 466 1424 multa,
497 1362 591 1434 quae
615 1334 711 1409 bello
735 1336 812 1408 usui
831 1352 962 1423 essent,
993 1336 1090 1408 dona
1108 1336 1329 1423 afferentem,
1366 1334 1523 1431 ‘eamque

301 1547 303 1552 .
344 1460 545 1557 percontari
573 1484 731 1556 quonam
760 1458 817 1532 illa
844 1485 993 1532 munera
1018 1460 1127 1532 missa
1152 1456 1269 1532 vellet.
1300 1460 1339 1530 ld
1355 1461 1419 1532 ubi
1439 1483 1521 1554 cog-

344 1584 443 1655 novit
472 1581 677 1679 Cleopatra,
699 1608 793 1679 quae
812 1583 959 1655 honoris
978 1609 1087 1656 causa
1104 1584 1303 1655 Antonium
1328 1597 1522 1679 prosecuta

345 1707 461 1779 adhuc
488 1707 535 1778 ad
561 1707 757 1779 exercitum
772 1708 990 1795 morabatur,
1007 1703 1120 1778 nullas
1134 1731 1206 1778 non
1220 1722 1326 1794 artes,
1348 1706 1516 1791 fallacias,

345 1831 537 1919 machinaS,
555 1856 645 1928 quas
659 1831 760 1904 lerax
767 1828 939 1903 aemulae
948 1830 1101 1903 feminae
1112 1831 1294 1926 ingenium
1308 1831 1519 1928 excogitare

345 1970 475 2051 potest,
505 1955 676 2041 adhibuit,
707 1970 746 2026 ut
773 1964 819 2030 ab
848 1978 964 2027 uxore
983 1952 1079 2025 illum
1094 1952 1330 2043 abalienaret,
1357 1980 1402 2026 ac
1422 1968 1520 2026 tanta

345 2094 423 2150 erat
447 2078 511 2164 viS,
541 2102 634 2179 quae
659 2077 756 2151 hisce
782 2074 956 2150 illecebris
983 2079 1017 2149 in
1043 2079 1213 2151 miserum
1237 2079 1352 2151 virum
1377 2103 1518 2152 exerce-

346 2204 460 2289 batur,
488 2216 528 2273 ut
556 2198 773 2297 Cleopatrae
792 2199 911 2298 plagis
926 2228 1072 2297 prorsus
1093 2202 1245 2275 irretitus
1260 2188 1517 2275 Alexandriam

345 2326 487 2414 rediret,
516 2324 612 2399 bello
639 2326 804 2398 Parthico
820 2326 854 2396 in
874 2351 1006 2398 annum
1024 2326 1228 2421 proximum
1248 2325 1369 2414 dilato,
1399 2329 1515 2424 idque,

345 2466 384 2521 ut
413 2447 589 2521 Plutarchi
613 2451 726 2523 verba
752 2450 920 2523 afferam:
951 2489 1120 2544 καιαερεν
1129 2474 1324 2527 στασειτών
1333 2473 1518 2544 Παρθικῶν

346 2579 431 2648 εἶναι
458 2592 659 2661 λεγομένων.
689 2579 722 2672 1)
759 2576 834 2647 lant
870 2574 1046 2647 Plutarchi
1079 2576 1281 2664 auctoritas
1323 2577 1425 2647 cuius
1448 2575 1516 2647 vita

345 2699 502 2787 Antonii,
531 2699 563 2769 in
590 2700 697 2771 rebus
719 2699 899 2787 Parthicis,
929 2724 1065 2794 magna
1081 2698 1152 2771 fide
1173 2725 1255 2771 sese
1274 2700 1512 2782 commendat,

345 2823 429 2895 mihi
453 2822 593 2911 sufficit,
624 2839 663 2895 ut
690 2823 826 2894 initium
852 2823 1110 2895 discordiarum
1138 2849 1272 2920 ponam
1295 2824 1329 2894 in
1344 2846 1440 2895 anno
1457 2840 1513 2914 35,

344 2973 415 3021 non
455 2973 549 3020 anno
591 2971 650 3039 31,
684 2947 782 3045 quod
810 2947 873 3019 viri
909 2948 1005 3020 docti
1033 2963 1191 3019 statuunt
1219 2945 1313 3019 male
1338 2946 1514 3020 intellecto

342 3070 423 3144 loco
460 3071 588 3143 Dionis
616 3071 673 3158 Ll,
715 3074 781 3143 18:
819 3093 876 3148 καὶ
903 3110 994 3161 τινος
1013 3092 1195 3165 Τιριδάτου
1213 3094 1261 3165 τῷ
1282 3090 1423 3164 Φραάτῃ
1442 3087 1514 3147 εἀα-

342 3204 537 3275 ναστάντος,
562 3206 728 3279 πρότερον
752 3206 826 3276 μέν,
852 3211 909 3264 καὶ
936 3204 1000 3279 ἕως
1027 3205 1078 3266 ἔτι
1102 3210 1144 3265 τὰ
1171 3212 1233 3265 τοῦ
1263 3205 1438 3264 Ἀντωνίου
1462 3205 1514 3261 καὶ

342 3338 428 3408 μετὰ
454 3338 515 3410 τὴν
540 3342 732 3409 ναυμαχίαν
758 3336 986 3411 ἀνθειστήκει,
1033 3348 1127 3418 quae
1159 3323 1270 3394 Verba
1303 3319 1385 3393 nihil
1419 3315 1512 3393 allud

342 3445 558 3540 significant,
587 3446 651 3517 nisi
680 3446 750 3518 iarn
777 3462 861 3519 ante
887 3472 1036 3543 pugnae
1054 3447 1228 3519 Actiacae
1256 3460 1399 3540 tempus
1427 3440 1513 3517 sedi-

342 3568 478 3639 tionem
503 3570 536 3640 in
562 3569 753 3641 Phraatem
769 3585 934 3643 exortam
949 3596 1040 3643 esse.
1071 3570 1226 3642 Accedit
1244 3567 1314 3642 alia
1326 3594 1395 3654 reS,
1424 3561 1512 3664 quae

342 3689 517 3763 Plutarchi
543 3693 785 3765 testimonium
811 3694 942 3767 eximie
968 3693 1163 3767 confirmat.
1192 3694 1279 3765 Post
1297 3690 1510 3788 splendidas

342 3814 470 3910 quibus
506 3815 553 3887 de
577 3817 738 3902 Antonio
764 3818 867 3913 potiti
893 3834 1005 3905 erant,
1033 3818 1199 3890 victorias
1227 3816 1347 3889 Parthi
1373 3831 1512 3911 praeter

342 3961 481 4008 morem
508 3964 612 4011 suum
637 3941 746 4036 quieti
770 3941 869 4013 domi
889 3942 1094 4028 manebant,
1122 3966 1188 4013 nec
1207 3966 1342 4037 operae
1362 3940 1511 4036 pretium

336 4060 497 4133 iudicare
530 4061 743 4137 videbantur
768 4064 939 4137 invadere
966 4065 1001 4135 in
1026 4064 1214 4160 imperium
1247 4067 1453 4137 Romanum
1477 4075 1511 4133 et

342 4199 511 4282 quaestus
535 4185 761 4283 praedasque
786 4187 905 4259 facere
931 4210 978 4258 ex
1003 4178 1140 4259 terrore
1168 4204 1206 4260 et
1230 4186 1380 4262 tumultu
1406 4210 1509 4285 quem

341 4307 472 4404 ubique
498 4308 710 4381 adversariis
736 4309 938 4381 iniecerant.
973 4310 1064 4403 Quis
1092 4327 1147 4383 est
1173 4313 1256 4409 quin
1282 4313 1510 4385 vehementer

343 4469 543 4497 .-...-.-...1.

380 4574 405 4645 1)
425 4578 489 4629 Plut.
509 4582 568 4630 Ant.
589 4590 601 4642 5
607 4593 629 4641 3.
