3292 5259
716 324 752 381 ²9

147 471 382 544 adeundae
417 470 569 567 Syriae
598 469 886 544 consilio...
917 474 1105 547 Pelusium
1120 475 1319 571 perventi.’'

144 596 247 669 Haec
289 620 434 694 quoque
463 595 656 667 ostendunt
682 594 896 691 Pompeium
919 596 1126 695 priusquam
1154 599 1319 697 Aegypti

146 719 335 793 adeundae
365 716 549 795 consilium
573 718 737 815 cepisset,
764 719 831 792 iter
852 719 1040 794 Orientem
1064 748 1188 795 versus
1209 724 1317 796 inten-

145 843 232 915 dere
257 840 423 921 voluisse.

198 966 339 1060 Quodsi
367 967 475 1064 igitur
499 966 568 1039 hoc
587 966 841 1055 testimonium,
875 968 1009 1065 quippe
1028 971 1127 1066 quod
1155 997 1202 1044 ex
1221 973 1318 1046 fonte

143 1091 239 1163 haud
260 1090 390 1165 dubiae
405 1091 625 1164 auctoritatis
640 1090 791 1186 petitum
805 1090 862 1178 sit,
888 1092 922 1162 in
945 1094 1184 1190 suspicionem
1197 1097 1318 1169 vocari

142 1240 213 1287 non
241 1231 373 1311 potest,
403 1215 477 1287 fieri
503 1214 636 1312 nequit,
667 1228 706 1285 ut
728 1214 922 1309 Pompeius
936 1216 1119 1311 cognitum
1142 1217 1315 1306 habuerit,

142 1336 303 1434 legatum
330 1341 378 1411 ab
406 1338 532 1411 Orode
551 1337 585 1410 in
603 1334 743 1410 vincula
761 1363 843 1411 esse
862 1339 1071 1412 coniectum.
1113 1341 1204 1435 Quis
1223 1343 1317 1415 eninr

141 1488 249 1536 sanus
274 1461 308 1533 in
335 1462 492 1534 animum
512 1461 665 1550 inducat,
696 1476 734 1533 ut
753 1460 877 1535 credat
895 1462 1117 1560 Pompeium,
1148 1466 1177 1537 si
1196 1482 1317 1540 tantae

143 1584 380 1659 contumeliae
414 1585 576 1659 conscius
612 1585 745 1674 suisset,
784 1611 867 1659 sese
894 1612 1051 1686 suosque
1093 1591 1316 1664 committere

142 1708 297 1783 voluisse
332 1710 442 1805 genti,
482 1734 649 1807 quaene
685 1708 798 1806 legati
823 1711 969 1808 quidem
997 1739 1130 1786 nomen
1154 1712 1316 1811 religioni

142 1834 345 1907 habuisset?
383 1834 548 1907 Proiecto
577 1832 727 1907 alterum
754 1850 874 1907 utrum
900 1838 1130 1910 statuendum
1148 1854 1223 1927 est;
1256 1855 1318 1911 aut

142 1956 268 2031 falsum
301 1973 366 2046 est,
404 1957 503 2056 quod
536 1958 609 2030 Dio
636 1959 773 2054 profert
800 1959 848 2031 de
875 1957 985 2056 legati
1014 1961 1155 2048 iniuriis,
1195 1978 1258 2034 aut
1289 1964 1318 2035 si

141 2107 266 2154 verum
281 2098 347 2170 est,
365 2126 416 2137 -
433 2083 531 2180 quod
546 2083 683 2155 nonnisi
704 2082 908 2156 dubitanter
922 2083 1217 2173 confirmaverim,
1234 2110 1318 2157 nam

142 2204 198 2279 ille
234 2205 331 2280 solus
358 2207 428 2279 hoc
456 2222 617 2295 testatur,
647 2222 684 2279 et
713 2207 850 2279 Cacsar
871 2211 904 2303 Ι)
933 2208 1049 2281 obiter
1076 2209 1178 2281 huius
1206 2206 1316 2307 legati

143 2331 363 2404 mentionem
391 2331 535 2403 iniciens
562 2329 636 2404 alto
663 2327 803 2403 silentio
830 2331 932 2427 tegit,
963 2332 1049 2430 quid
1072 2332 1105 2405 ei
1124 2334 1171 2405 ab
1190 2332 1317 2406 Orode

144 2455 322 2544 acciderit,
362 2499 413 2510 ——
442 2455 538 2528 fama
563 2456 640 2561 eius
667 2455 719 2527 rei
747 2455 906 2527 nondum
934 2456 1110 2553 Pompeio
1137 2456 1185 2530 ad
1213 2481 1317 2530 aures

140 2557 365 2675 peruenerat,
396 2603 468 2677 quo
497 2593 661 2674 tempore
690 2578 737 2651 de
764 2579 930 2675 perfugio
948 2581 1157 2678 quaerendo
1182 2581 1317 2655 amicos

141 2729 225 2776 suos
254 2704 288 2774 in
317 2700 501 2776 consilium
527 2702 702 2794 adhibuit3
733 2701 835 2776 facile
862 2704 957 2777 enim
976 2720 1129 2801 apparet
1148 2702 1207 2777 illo
1228 2720 1315 2778 tem-

141 2854 231 2923 pore
255 2854 338 2901 eum
365 2828 451 2901 satis
481 2828 549 2900 sibi
576 2852 788 2923 persuasum
815 2827 994 2915 habuisse,
1016 2827 1179 2911 ¹Parthos
1206 2827 1315 2924 ipsius

141 2952 248 3023 rebus
276 2950 431 3023 studere.
475 2950 550 3023 »At
571 2949 666 3023 nulla
686 2948 817 3024 auxilia
838 2976 861 3023 a
879 2951 1018 3023 Parthis
1037 2948 1208 3045 accepit.''
1233 2951 1316 3024 Non

142 3074 288 3171 ignor03
318 3074 404 3171 quid
423 3098 511 3146 vero
526 3074 657 3163 obstat,
684 3074 874 3169 quominus
893 3073 1058 3146 Orodem
1073 3074 1102 3147 si
1115 3098 1188 3146 non
1202 3075 1312 3161 sactis

142 3197 260 3269 verbis
294 3195 422 3270 saltem
459 3222 499 3269 se
533 3193 578 3268 illi
611 3196 766 3269 amicum
792 3194 980 3271 simulasse
1007 3198 1237 3271 censeamus?
1266 3197 1316 3271 Ut

142 3346 268 3393 omnes
292 3319 450 3393 Orientis
469 3334 599 3416 gentes
618 3334 656 3392 et
674 3317 799 3416 reguli,
830 3322 926 3394 unde
940 3322 1067 3417 ingens
1087 3322 1262 3419 Pompeio
1280 3322 1314 3394 in

142 3445 297 3518 Graecia
328 3442 461 3517 bellum
489 3443 628 3540 paranti
656 3443 829 3517 affluebat
855 3445 909 3518 vis
941 3446 1126 3542 copiarum
1148 3461 1186 3518 et
1209 3471 1314 3541 pecu-

142 3570 231 3656 niae,
266 3571 301 3664 2)
332 3568 383 3641 sic
411 3566 561 3640 Parthus
588 3591 734 3664 quoque
761 3564 844 3639 nihil
870 3568 1000 3641 certius
1022 3568 1182 3642 habebat
1206 3594 1315 3667 quam

142 3718 254 3789 penes
289 3691 439 3788 Pompei
465 3706 587 3788 partes
613 3690 798 3764 victoriam
828 3691 863 3762 in
890 3689 986 3765 bello
1012 3689 1102 3764 civili
1127 3718 1209 3770 esse
1227 3694 1315 3766 sutu-

141 3842 229 3890 ram.
274 3817 369 3889 Nam
397 3815 564 3889 Caesaris
591 3839 724 3888 nomen
751 3812 815 3887 illis
844 3815 1054 3912 regionibus
1081 3842 1209 3913 parum
1237 3834 1316 3890 erat

141 3939 336 4036 cognitum,
366 3938 453 4010 dum
480 3963 704 4035 magnopere
731 3938 778 4012 ibi
807 3940 1000 4036 Pompeius
1027 3937 1144 4036 gloria
1166 3955 1204 4013 et
1235 3965 1314 4012 auc·

140 4065 286 4138 toritate
316 4062 487 4153 florebat3
522 4061 672 4159 vigebat
698 4062 815 4135 adhuc
842 4088 962 4135 rerum
987 4078 1071 4136 ante
1099 4063 1235 4136 fortiter
1267 4064 1313 4135 ab

141 4239 295 4247 —-———-——

179 4341 203 4398 ι)
223 4341 314 4390 Caesar
341 4341 369 4389 Β.
397 4340 424 4390 C.
455 4340 506 4400 111,
525 4338 576 4389 82:
596 4354 754 4404 „magnaque
771 4336 892 4385 intereos
911 4336 1015 4398 (amicos
1034 4336 1152 4401 Pompei)
1170 4335 1198 4383 in
1215 4334 1314 4383 consilio

132 4430 193 4496 suit
210 4429 385 4489 controversia,
404 4436 557 4495 oporteretne
575 4428 661 4477 Lucili
677 4426 768 4487 Hirri,
787 4426 856 4489 quod
871 4426 892 4473 is
910 4442 926 4474 a
945 4424 1061 4491 Pompeto
1079 4424 1116 4471 ad
1130 4423 1240 4487 Parthos
1258 4422 1313 4471 mis-

139 4534 181 4566 sus
198 4525 263 4576 esset,
275 4517 404 4581 proximis
422 4517 524 4568 comitiis
542 4516 647 4564 absentis
667 4514 789 4589 rationem
809 4510 926 4561 lraberi.’⁷

177 4606 203 4671 2)
223 4606 262 4655 Cf.
283 4606 373 4655 Caesar
393 4606 421 4653 Β.
441 4605 469 4655 C.
490 4606 539 4653 111.
560 4618 583 4667 3.
