3292 5259
632 1611 1083 1683 APPENDIX.

773 1864 806 1910 ad
825 1879 884 1926 pag.
904 1861 946 1925 85.

750 2087 960 2111 ——2-

309 2272 422 2333 Parum
457 2279 642 2334 constanter
677 2273 707 2332 in
742 2271 888 2352 epistolis
920 2279 1193 2333 commemoratur
1217 2279 1355 2352 ternpus
1381 2291 1448 2350 quo

266 2377 381 2440 Cicero
406 2379 446 2440 de
471 2378 662 2440 Parthorum
686 2379 828 2441 adventu
852 2379 968 2441 certior
992 2378 1093 2441 iactus
1117 2388 1174 2440 est.
1201 2377 1276 2458 lpso
1302 2378 1362 2450 die,
1382 2397 1450 2456 quo

269 2487 414 2548 nuntium
439 2487 576 2567 accepit,
601 2486 726 2566 scripsit
750 2487 792 2546 ad
817 2485 976 2548 Catonern
1001 2486 1058 2568 (ad
1081 2485 1172 2550 Fam.
1189 2485 1262 2548 XV.
1280 2485 1450 2568 3)·venisse

263 2595 308 2654 ad
344 2613 414 2654 sese
450 2593 576 2674 legatos
611 2594 645 2654 in
680 2602 789 2655 castra
813 2594 862 2656 ad
885 2593 1032 2679 Iconium
1056 2614 1084 2656 a.
1110 2592 1221 2655 dsJH.
1246 2593 1329 2656 Non.
1355 2589 1448 2672 Sept.

265 2699 387 2761 Contra
422 2700 452 2760 in
486 2698 624 2782 epistola
658 2702 699 2762 ad
736 2699 882 2780 Appium
918 2698 1097 2772 Claudium,
1129 2701 1249 2780 scripta
1272 2699 1450 2760 secundum

265 2809 351 2870 viros
375 2802 491 2869 doctos
516 2827 562 2888 pr.
588 2807 659 2869 Kal.
685 2806 788 2887 Sept,
814 2805 952 2886 legimus
975 2807 1028 2888 (ad
1052 2805 1142 2867 Fam.
1169 2806 1223 2868 lll:
1238 2806 1294 2888 6):
1324 2815 1452 2867 »castra

169 2902 174 2910 ¹
265 2917 355 2979 attuvi
385 2915 427 2977 ab
461 2913 567 2976 Iconio
596 2913 713 2993 pridie
736 2911 907 2974 Kalendas
930 2910 1169 2993 Septernbres”
1217 2909 1283 2973 Sed
1308 2930 1372 2971 non
1397 2909 1450 2970 hic

264 3021 408 3083 subsistit
432 3021 475 3081 rei
500 3019 686 3093 difficultas3
711 3028 847 3100 augetur
871 3020 968 3081 etiarn
993 3040 1042 3093 eo,
1068 3021 1156 3100 quod
1181 3020 1211 3080 in
1235 3018 1348 3081 litteris
1367 3018 1451 3079 datis

249 3148 378 3204 “mense
408 3127 554 3188 lanuario
589 3128 662 3188 anni
698 3126 839 3208 proximi
865 3127 993 3207 scripsit
1025 3126 1067 3188 ad
1091 3125 1250 3188 Catonem
1276 3124 1333 3204 (ad
1357 3124 1452 3186 Fam.

265 3233 339 3294 XV.
375 3251 406 3308 4.
445 3239 510 3316 3.):
552 3233 696 3294 »interim
731 3253 806 3294 cum
843 3232 986 3294 e'xercitu
1010 3233 1143 3294 lustrato
1167 3233 1226 3294 iter
1250 3232 1281 3293 in
1306 3230 1451 3326 Ciliciam

265 3338 371 3400 facere.
394 3339 585 3418 coepissem,
610 3339 688 3401 Kal.
713 3339 797 3419 Sept.
826 3339 923 3419 legati
948 3360 966 3400 a
991 3359 1067 3421 rege
1092 3337 1317 3420 Commageno
1341 3339 1382 3399 ad
1399 3358 1452 3398 me

173 3444 175 3448 ’
266 3445 355 3505 nrissi
380 3444 646 3525 pertumultuose,
672 3465 776 3526 neque
801 3454 911 3507 tamen
936 3466 1000 3507 non
1024 3466 1108 3518 vere,
1136 3445 1272 3508 Parthos
1284 3445 1314 3506 in
1325 3443 1454 3524 Syriam

267 3551 419 3613 transisse
445 3549 702 3612 nuntiaverunt.’'

314 3657 407 3719 Hanc
442 3658 666 3738 quaestionem
690 3657 747 3717 viri
772 3658 869 3730 docti,
894 3656 986 3720 aliter
1010 3657 1097 3732 alius,
1124 3660 1181 3720 sed
1206 3679 1320 3720 omnes
1336 3657 1452 3719 lrustra

270 3761 396 3850 solvere
421 3763 527 3823 conati
552 3771 632 3823 sunt.
659 3761 746 3824 Olim
770 3763 934 3825 Manutius
957 3762 1064 3844 legere
1088 3764 1257 3845 proposuit
1282 3764 1312 3825 in
1335 3785 1385 3846 ep.
1412 3766 1454 3826 ad

271 3869 362 3929 Fam.
399 3867 470 3930 XV.
509 3884 557 3946 3.:
594 3869 738 3930 »venisse
763 3867 1020 3950 legatos......
1047 3890 1075 3933 a.
1101 3870 1130 3930 d.
1157 3871 1214 3932 HJ
1233 3871 1304 3933 Kal.
1329 3870 1454 3968 Sept.''3

270 3974 446 4054 itidemque
482 3975 512 4034 in
549 3995 599 4056 ep.
636 3974 726 4036 Fam.
763 3975 835 4036 XV.
868 3995 915 4052 4:
955 3976 1030 4038 »ΠΙ
1047 3976 1085 4038 K
1110 3976 1194 4057 Sept.
1222 3975 1318 4058 legati
1334 4025 1428 4038 .....
1447 4042 1452 4052 ,
1501 4031 1507 4041 .

273 4081 530 4144 nuntiaverunt.''
579 4080 672 4141 Hanc
697 4082 910 4143 mutationem
935 4082 1041 4144 Baiter
1065 4089 1098 4143 et
1121 4082 1248 4162 Kayser
1271 4084 1302 4143 in
1326 4092 1452 4145 textum

272 4197 475 4268 receperunt,
512 4188 569 4248 sed
604 4207 716 4248 vereor
749 4207 789 4248 ne
814 4197 946 4260 temere,
983 4208 1056 4249 nam
1088 4189 1133 4250 sic
1157 4209 1286 4270 quoque
1310 4177 1456 4253 remanet
1549 4227 1555 4235 ·

157 4273 181 4363 ι’
270 4293 448 4363 difficultas,
481 4293 569 4373 quod
594 4295 706 4355 tertius
730 4293 818 4355 locus
843 4303 955 4376 aperte
981 4294 1175 4375 obloquitur.
1227 4295 1350 4377 Caspar
1375 4295 1455 4358 Har·

272 4410 353 4478 tung
389 4399 445 4482 (de
478 4400 704 4480 proconsulatu
740 4398 903 4461 Ciceronis
936 4400 1103 4476 Ciliciensi,
1141 4423 1216 4484 pag.
1257 4395 1318 4486 54),
1345 4423 1456 4486 repug.

272 4515 370 4566 nante
405 4505 577 4567 verborum
615 4515 647 4566 et
691 4506 801 4567 ordine
834 4514 866 4567 et
890 4507 1058 4581 sententia,
1092 4507 1251 4572 vocabula
1273 4509 1348 4572 Kal.
1372 4509 1457 4590 Sept,

188 4665 191 4672 .
271 4613 335 4692 lep.
369 4612 409 4673 ad
445 4611 535 4672 Fam.
561 4610 633 4672 XV.
661 4617 694 4692 4)
719 4612 884 4691 coniungit
907 4632 979 4673 curn
1004 4612 1172 4695 participio
1196 4613 1297 4676 russi.
1345 4613 1460 4695 Neque
