3292 5259
204 510 271 547 LlVll
292 510 514 549 EPITOMATORES.
834 514 1020 553 PLUTARCHUS.

578 661 642 710 Plut.
654 672 713 724 37.:
737 652 826 714 Ἦσαν
852 657 883 714 δὲ
898 655 1039 730 Ῥωμαίων
1065 658 1116 731 μὲν
1134 659 1228 715 αὐτῶν
1246 658 1353 729 ἑξακισ-

576 743 671 815 μύριοι
705 745 785 811 ττεζοὶ
820 744 869 799 nal
895 741 926 799 τὸ
953 742 1106 814 Ῥωμαίοις
1132 747 1354 818 συντεταγμένον

577 831 703 898 ἱππικόν,
718 830 835 905 Ἰβήρων
851 833 901 887 καὶ
917 834 1029 888 Κελτῶν
1038 833 1140 903 μύριοι,
1159 832 1255 890 τῶνδὲ
1265 836 1354 891 ἄλλων

576 917 670 975 ἐθνῶν
688 917 817 992 ἐγένοντο
837 928 911 989 τρεῖς
928 920 1063 991 μυριάδες
1077 923 1128 977 σὺν
1138 920 1271 978 ἱππεῦσιν
1280 921 1352 995 ὁμοῦ
1435 927 1438 932 '

575 1010 624 1064 nal
639 1014 740 1077 ψιλοῖς.

609 1103 662 1151 Ι)ἰο
681 1110 753 1153 tacet.

212 1284 332 1349 Epitome
351 1284 472 1332 CXXX.:
503 1284 541 1331 Et
612 1284 685 1332 Haec
709 1284 802 1349 omnia,
829 1292 855 1333 ut
885 1292 1082 1334 consentaneum
1110 1291 1156 1343 est,
1184 1283 1352 1332 aPlutareho

176 1390 232 1421 cum
251 1372 378 1421 duabus
397 1372 539 1436 legioni·
576 1388 621 1437 per
640 1372 719 1421 multa
737 1354 820 1438 capita
838 1372 962 1436 (38—49)
972 1373 1077 1438 copiose
1090 1379 1256 1438 exponuntur.
1275 1372 1354 1434 Quod

176 1463 234 1511 bus
262 1462 392 1510 amissis
419 1461 492 1509 nulla
511 1478 539 1509 re
576 1462 609 1509 ad
628 1461 690 1510 duas
709 1462 765 1511 illas
784 1462 899 1526 legiones
917 1462 1029 1521 amissas,
1049 1462 1075 1510 id
1093 1469 1204 1527 spectare
1213 1462 1246 1510 ad
1256 1461 1354 1510 cladem

169 1558 292 1615 prospere
310 1551 405 1599 cedente
423 1558 491 1597 retro
501 1567 537 1598 re·
574 1550 679 1599 Statiani
704 1550 788 1614 legati,
813 1551 866 1600 iure
885 1550 975 1599 efficias
995 1566 1025 1599 ex
1048 1550 1149 1599 Velleio
1168 1552 1204 1610 11,
1224 1549 1276 1599 82:
1294 1550 1353 1598 Pri-

177 1638 244 1686 diret
250 1638 538 1688 insecutissnbindePar-
575 1656 661 1703 meque
681 1640 746 1688 duas
760 1640 865 1703 legiones
874 1657 930 1689 eum
940 1640 1052 1689 omnibus
1060 1639 1240 1705 impedimentis
1248 1647 1354 1687 tormen·

176 1728 233 1788 tlu's,
252 1737 276 1776 et
292 1729 388 1793 ingenti
397 1729 538 1793 trupidatio-
575 1730 653 1793 tisque
672 1737 696 1777 et
713 1730 831 1778 Statiano
841 1731 919 1795 legate
926 1730 1017 1778 amuit.
1028 1730 1093 1779 Plut.
1103 1728 1158 1792 38.:
1169 1722 1184 1779 ὃ
1195 1721 1354 1786 Στατιανὸς

176 1834 207 1865 ne
232 1827 256 1866 et
273 1834 362 1883 magno
377 1819 450 1867 ratim
468 1836 536 1867 exer·
574 1812 752 1886 ἀποθνήσκει
768 1814 820 1885 μὲν
839 1813 935 1883 αὐτός,
955 1813 1170 1886 ἀποθνήσκουσι
1185 1814 1216 1870 δὲ
1231 1813 1355 1885 μύριοι

175 1906 237 1956 utus
256 1907 372 1971 periculo
399 1908 429 1959 in
450 1910 538 1957 Arme·
575 1905 631 1958 τῶν
657 1903 716 1974 μετ’
747 1902 846 1959 αὐτοῦ.
894 1902 951 1966 Τὰς
978 1902 1009 1959 δὲ
1035 1900 1161 1975 μηχανὰς
1187 1898 1297 1966 ἑλόντες
1327 1900 1357 1958 οἷ

89 1982 91 1985 ’
175 1996 245 2044 niam
265 2003 380 2045 reuersus
397 2006 438 2047 est.
574 1991 711 2067 βάρβαροι
729 1992 911 2064 διέφθειραν.
948 1991 1033 2047 Εἷλον
1060 1991 1091 2047 δὲ
1115 1990 1303 2062 παμπόλλους,
1323 1988 1354 2047 ἒν
1395 1980 1399 1986 ’

212 2085 301 2134 Sextus
320 2085 401 2134 Rufus
420 2086 537 2135 xvl11.:
574 2079 616 2143 οἷς
632 2081 681 2136 καὶ
700 2080 837 2151 Πολέμων
855 2075 891 2152 ἦν
908 2078 923 2135 ὃ
943 2079 1079 2154 βασιλεύς.
1157 2120 1163 2131 .

176 2173 217 2227 M.
249 2174 425 2227 Antonius...
453 2175 543 2224 bellum
581 2177 622 2225 De
659 2176 731 2225 clade
756 2175 861 2225 Statiani
890 2176 943 2224 Dio
973 2192 1030 2224 cum
1057 2175 1191 2224 Plutarcho
1218 2174 1353 2239 conspirat,

176 2264 283 2312 Parthis
300 2263 393 2326 intulit,
415 2272 438 2311 et
442 2264 540 2329 primis
574 2265 622 2314 nisi
650 2264 719 2329 quod
750 2281 838 2313 omnes
866 2265 958 2313 milites
977 2271 1074 2330 praeter
1092 2280 1169 2312 unum
1188 2264 1354 2312 Polemonem

177 2368 214 2399 eos
233 2352 340 2416 proeliz's
357 2353 424 2404 uicit.
452 2353 543 2402 Verum
578 2353 723 2403 interfectos
742 2370 797 2404 esse
816 2354 930 2405 affirmat.
968 2354 1020 2402 Dio
1040 2353 1135 2402 XLIX.
1156 2362 1197 2416 25.

169 2448 230 2505 post
255 2441 382 2490 duobus
401 2442 538 2506 legioni·
1084 2424 1087 2429 ’

177 2530 238 2579 bus
258 2530 390 2579 amissis
409 2546 462 2598 sqq.

213 2709 304 2758 Florus
323 2710 369 2769 IV,
400 2722 447 2757 10:
473 2708 553 2757 Nilul
622 2709 695 2758 Idem
723 2709 814 2775 legitur
832 2701 902 2775 apud
921 2711 1080 2760 Plutarchum
1098 2725 1141 2773 41,
1161 2711 1203 2777 qui
1223 2718 1309 2759 tamen
1328 2710 1354 2757 in

175 2799 300 2849 acciderat
330 2798 357 2847 in
384 2798 546 2863 conmoratio·
583 2814 614 2847 eo
635 2798 758 2859 dissentit,
778 2799 848 2864 quod
866 2815 918 2848 non
937 2800 1043 2848 militem
1054 2802 1207 2859 Romanum,
1227 2799 1272 2847 sed
1290 2798 1355 2846 Mar·

175 2906 231 2936 mm
257 2888 342 2951 cladis,
361 2904 426 2952 quae
444 2888 471 2935 in
483 2894 542 2951 pos·
578 2887 639 2936 dum
667 2888 802 2953 quemdam
830 2905 884 2938 sese
913 2889 1028 2937 Antonio
1056 2889 1150 2938 itineris
1170 2889 1261 2938 ducem
1283 2888 1355 2937 obtu-

174 2986 258 3025 ternm
294 2975 359 3023 diem
387 2975 540 3035 imminebat,
578 2976 638 3025 lisse
656 2976 737 3025 refert.

175 3064 225 3112 nisi
234 3063 484 3112 intervenissetdeurn
495 3064 539 3111 mi·
613 3065 665 3113 Dio
685 3072 758 3115 tacet.

175 3153 275 3202 seratio.
319 3153 389 3201 Unius
416 3169 448 3199 ex
474 3152 543 3200 clade

179 3240 315 3289 Crassiana
334 3240 455 3289 Partleico
473 3241 541 3289 tabi-

175 3338 203 3377 tu
238 3330 326 3378 castris
363 3330 493 3395 adequitat
520 3339 544 3378 et

172 3419 252 3467 salute
279 3417 373 3467 Latine
392 3418 466 3477 duta,
487 3434 543 3467 cum

171 3508 248 3570 fidem
272 3507 323 3571 ipso
341 3523 454 3556 sermone
465 3507 541 3573 fecis-

174 3604 216 3656 set,
247 3596 310 3660 quid
329 3596 473 3645 immineret
490 3597 543 3644 edo·

175 3684 243 3733 cuit:
257 3684 308 3734 iam
319 3685 476 3751 adfuturum
486 3702 542 3733 curn

176 3774 288 3822 omnibns
326 3775 398 3840 copiis
435 3762 554 3840 regem

176 3864 244 3912 irent
279 3872 347 3913 retro
377 3870 540 3929 peterentque

176 3962 286 4002 montes:
311 3954 346 4002 sic
363 3970 459 4018 quoqne
487 3954 539 4001 Itos·

175 4052 223 4091 tem
244 4045 357 4109 fortasse
375 4060 425 4091 non
443 4043 535 4107 defore.

174 4134 255 4196 Atque
274 4131 310 4179 ita
319 4139 401 4180 secuta
410 4140 445 4179 est
453 4130 537 4179 minor

173 4220 211 4269 vis
237 4220 345 4269 hostium
364 4236 440 4284 quam
460 4219 540 4268 immi·

173 4310 253 4358 nebat.

210 4472 301 4521 Florus
323 4471 368 4519 IV.
393 4482 440 4518 τοι
465 4470 538 4518 Dele-
611 4470 792 4535 Congruenter,
811 4473 857 4520 sed
874 4472 955 4520 multo
976 4472 1076 4521 uben'us
1093 4472 1193 4520 testudo
1205 4470 1353 4519 describitur

173 4569 212 4607 tae
231 4560 343 4625 reliquae
352 4559 434 4623 ταμίαι
436 4561 536 4625 forent,
572 4576 588 4609 a
607 4560 742 4609 Plutarcho
761 4570 804 4624 45,
823 4568 849 4608 et
866 4576 882 4609 a
901 4560 987 4608 Dione
1006 4560 1102 4608 XLIX.
1122 4572 1164 4622 29,
1183 4571 1225 4621 30.

171 4647 221 4697 nisi
246 4648 411 4714 urguentibus
438 4647 491 4697 telis
512 4648 542 4697 in
619 4648 722 4697 Deinde
749 4655 774 4697 et
799 4648 947 4698 Plutarchus
975 4653 1078 4696 testatur
1106 4648 1280 4695 Romanorum
1303 4661 1353 4693 con
