3292 5259
746 598 802 663 IX.

229 817 370 901 Appian.
404 816 439 878 B.
472 814 507 878 C.
541 814 582 877 V.
608 815 672 878 60:
699 824 736 883 Ὃ
761 826 793 882 δέ
823 823 874 892 ,ἐκ
894 831 1061 895 Βρεντεσίου
1079 825 1135 899 με”
1164 828 1250 898 φησλν
1277 825 1364 894 ἱ,όπο-

184 934 296 995 κλείων,
321 928 369 984 καλ
397 926 433 983 τὰ
459 923 513 998 ἒμδι
543 926 614 997 ἔδνη
642 928 690 983 καλ
719 925 769 982 τὸν
795 929 928 997 Καληνοῦ
947 928 1067 996 στρατὸν
1085 926 1304 999 ἀφαιρούμενος,
1324 927 1365 983 ἔτι

184 1033 246 1089 τοῖς
263 1028 356 1096 φίλοις
373 1018 449 1078 ἐστλν
469 1019 570 1086 εῦνονς
589 1021 695 1093 μόνοις,
717 1020 785 1079 οῦδλ
803 1019 870 1085 τοῦς
889 1024 990 1090 φιλους
1007 1019 1070 1094 ἐμολ
1087 1022 1250 1094 περισώζειν
1264 1021 1364 1090 ἐόικεν,

183 1119 256 1177 ἀλλὰ
275 1127 337 1183 ταῖς
355 1116 531 1190 εὐεργεσίαις
548 1113 756 1188 ἐγδροποιεῖν.”

229 1219 422 1302 Legendum
442 1218 585 1281 videtur:
613 1224 631 1284 δ
658 1227 690 1286 δέ
716 1227 749 1297 ,,δ
771 1227 803 1287 ἐκ
821 1235 989 1302 Βρεντεσίου
1008 1228 1067 1302 με”
1087 1231 1172 1301 φησλν
1190 1227 1366 1297 ,ἀποκλείων

185 1350 191 1363 ·
205 1371 314 1387 .......
332 1334 363 1388 εί
375 1353 403 1386 τι
421 1337 480 1395 τοῖς
497 1332 591 1400 φίλοις
609 1324 683 1385 ἐστὶν
702 1327 803 1394 εῦνους
819 1330 923 1403 μόνοις,
943 1354 967 1387 κ.
986 1352 1009 1386 τ.
1026 1336 1049 1386 λ.

756 1511 796 1574 X.

227 1710 370 1792 Appian.
397 1710 434 1772 B.
461 1708 498 1773 C.
523 1709 565 1777 V.
592 1726 653 1790 703
684 1722 863 1794 Μηνόδωρος
880 1721 911 1778 δέ
931 1720 987 1778 ἀπὸ
1008 1724 1141 1792 Σαρδοῦς
1161 1717 1367 1792 ἐπέστελλεν,ἢ

188 1828 320 1894 πολεμεῖν
345 1819 495 1894 ἐγκρατῶς,
518 1819 537 1893 ἢ
562 1822 716 1896 βραδύνειν
734 1821 783 1890 ἔτι,
801 1820 839 1887 ὡς
856 1825 906 1879 τοῦ
924 1825 1005 1893 λιμοῦ
1024 1825 1104 1891 σφῶν
1121 1824 1367 1893 προπολεμοῦντος

188 1907 236 1962 καλ
252 1910 308 1962 τῶν
326 1906 492 1982 συμβάσεων
513 1909 541 1964 εί
557 1908 605 1963 καλ
623 1911 722 1978 δοκοίη
742 1907 911 1976 κρεισσόνων
929 1905 1080 1978 ἐσομένων.

233 2007 294 2069 Pro
312 2018 340 2077 εἰ
356 2020 402 2074 ,αλ
420 2022 519 2091 &onom
538 2007 633 2090 lege:
654 2019 682 2075 εί
697 2022 883 2090 καραδοκοίη.

748 2203 804 2267 ΧΙ.

233 2393 297 2453 Dio
320 2392 392 2455 XL·
417 2408 478 2473 27:
507 2403 581 2463 οῦτω
607 2405 661 2479 γὰρ
688 2405 723 2480 δὴ
750 2407 816 2478 περλ
842 2407 877 2464 τῦ
895 2408 1024 2480 χρήματα
1042 2412 1139 2465 καίτοι
1152 2408 1366 2480 πολυχρήματος

190 2502 230 2561 οῦν
247 2501 418 2562 ἐσπουδάκει
437 2503 507 2564 ὥστε
526 2507 575 2563 καλ
592 2505 630 2572 ὡς
645 2509 769 2578 πένητας
788 2507 939 2577 οἰκτείρειν
957 2507 1023 2572 τοῦς
1040 2507 1076 2580 μὴ
1095 2506 1272 2579 δυναμένους
1283 2527 1365 2579 στρα-

189 2599 313 2658 τόπεδον
330 2599 362 2660 ἐκ
381 2606 540 2677 καταλόγου
558 2607 677 2662 οἴκοθεν
694 2603 829 2672 θρέψειν.

232 2700 365 2766 Scribe:
385 2717 503 2771 ολκοδεν
520 2713 646 2785 τρέφειν.

743 2899 812 2962 ΧΠ.

233 3071 297 3133 Dio
319 3071 388 3135 XL.
411 3085 468 3150 30:
487 3080 502 3138 ὁ
525 3085 659 3156 Βίβουλος
677 3080 770 3152 ἄρξων
783 3086 833 3155 τῆς
851 3085 959 3153 Συρίας
977 3079 1104 3152 ἀφίκετο,
1125 3085 1227 3151 καίπερ
1245 3077 1366 3152 ἐψηφισ-

191 3180 278 3252 μένου
302 3182 411 3255 μηδένα
439 3181 507 3254 μήτε
532 3179 687 3253 στρατηγὸν
704 3180 774 3253 μήδ’
793 3179 905 3239 ῦπατον
922 3181 990 3254 μήτε
1008 3179 1100 3246 εὐθὺς
1116 3180 1184 3253 μήτε
1201 3180 1255 3253 πρὸ
1275 3180 1365 3252 πέμπ-

192 3297 243 3332 του
261 3276 341 3342 ἔτους
361 3275 390 3344 ἐς
408 3279 459 3344 τὰς
480 3279 531 3347 ἔξω
549 3277 701 3352 ἡγεμονίας
720 3278 834 3349 ἐξιέναι.

238 3379 349 3462 Lege}
372 3394 419 3450 καλ
436 3392 489 3466 γὰρ
508 3389 703 3466 ἐψηφισμένον
719 3386 756 3464 ἦν
773 3390 883 3464 μηδένα
901 3413 926 3448 κ.
945 3413 969 3447 τ.
986 3397 1008 3448 λ.

670 3669 674 3675 ⁵
737 3577 823 3640 xm.

241 3746 306 3808 Dio
324 3746 408 3809 XLI.
432 3753 489 3812 28:
510 3764 559 3833 τῆς
576 3760 628 3834 μέν
647 3758 845 3831 ἀνδραγαθίας
860 3758 947 3816 πολλὰ
967 3759 1013 3814 καλ
1032 3758 1138 3830 μεγάλα
1155 3757 1224 3831 γέρα
1243 3756 1368 3828 καρπού-

195 3879 285 3930 μενοι,
313 3860 369 3914 τιῦν
393 3856 627 3932 δ’διμαρτημολτων
654 3861 771 3934 σμικρὸν
788 3858 856 3919 οῦδὲ
876 3857 1082 3933 ἐπιτιμώμενοι,
1101 3858 1154 3917 οῦκ
1172 3859 1284 3930 ἀξιοῦτε
1304 3860 1367 3919 τοῦ·

196 3975 255 4018 τοις
276 3952 438 4023 ἀρκεῖσθαι.

239 4054 349 4138 Lege:
375 4064 442 4122 οῦδέ
457 4066 582 4138 σμικρόν.

733 4201 822 4265 XIV.

240 4365 321 4439 Hor.
346 4372 452 4437 Carm.
476 4374 515 4437 ΙΙ.
545 4390 593 4449 ιο,
619 4389 660 4452 9:

483 4480 623 4563 Saepius
646 4478 750 4541 ventis
772 4479 912 4560 agitatur
935 4479 1050 4562 ingens

478 4587 582 4649 Pinus.

240 4695 343 4757 Recte
366 4694 529 4761 Burmann
552 4691 682 4758 scribit:
707 4693 845 4760 saevius.
