3292 5259
674 274 898 380 .⁴.80

290 513 423 561 novum
464 477 695 586 comparavit¹
728 491 936 578 exercitum,
991 489 1050 587 qui
1092 489 1243 562 duamm
1284 486 1467 583 legionum

291 637 477 686 numerum
502 611 674 710 expleret.
711 618 742 722 1)
761 615 822 688 Ab
837 614 934 686 hisce
950 599 1125 702 subsidiis
1153 612 1293 708 exiguis
1309 612 1465 710 quidem,

214 745 225 764 '
290 737 388 835 quod
413 738 461 810 ad
489 763 686 810 numerum
702 739 840 825 attinet,
871 738 937 811 sed
956 734 1163 833 disciplinae
1183 737 1311 832 vigore
1332 737 1468 832 optime

289 862 453 934 institutis
482 907 533 915 -
559 888 643 935 acer
667 863 763 936 enim
790 878 869 935 erat
896 862 1041 935 Cassius
1068 877 1105 934 et
1131 879 1290 948 severus
1319 877 1355 934 et
1378 878 1467 934 tam·

289 1012 398 1083 quam
426 984 516 1058 alter
543 985 737 1059 Clearchus
761 986 796 1058 id
825 986 972 1082 agebat,
1000 1001 1038 1056 ut
1067 984 1195 1058 milites
1221 985 1320 1057 ducis
1348 986 1468 1080 potius

289 1126 387 1182 metu
415 1136 524 1206 quam
550 1136 675 1184 amore
701 1111 855 1209 permoti
880 1110 1002 1195 statim
1030 1109 1206 1205 imperata
1229 1134 1468 1205 exsequeren-

288 1227 344 1305 t'ur
375 1236 410 1329 2)
443 1278 493 1288 —
522 1235 569 1307 ab
597 1235 651 1307 his
679 1235 824 1332 inquam
847 1234 1012 1307 subsidiis
1027 1213 1276 1330 prosectus'eo
1291 1222 1469 1329 pervenit,

288 1375 326 1431 ut
350 1385 408 1431 res
434 1358 639 1455 provinciae
666 1359 883 1432 disturbatas
909 1358 1152 1455 composuerit
1179 1372 1216 1460 et
1237 1357 1465 1445 ordinaverit,

287 1484 449 1556 homines
494 1482 565 1582 fide
590 1499 779 1579 suspectos
807 1483 842 1554 in
870 1481 988 1557 officio
1016 1482 1237 1570 continuerit,
1274 1481 1467 1554 seditiosos

287 1608 335 1680 ad
375 1606 485 1680 fidem
521 1607 714 1703 redegerit,
753 1609 789 1702 3)
827 1623 865 1680 et
900 1606 1022 1679 hostes
1060 1607 1094 1679 in
1121 1605 1341 1702 provinciam
1373 1605 1468 1678 inva-

285 1731 413 1803 dentes
457 1730 619 1804 reiecerit
657 1755 738 1801 cum
773 1755 910 1826 magna
935 1757 1001 1803 sua
1025 1728 1151 1828 gloria.
1204 1730 1315 1802 Haud
1346 1727 1465 1802 levem

286 1856 387 1928 huius
400 1857 410 1941 J
424 1856 588 1953 prosperi
620 1871 771 1928 eventus
795 1870 938 1952 partem
965 1856 1124 1928 habebat
1151 1854 1300 1927 sortuna.
1334 1856 1466 1954 Perop-
1508 1928 1512 1932 .

286 1996 439 2075 portune
483 1981 578 2054 enim
617 1979 755 2068 accidit,
799 1996 839 2054 ut
874 1980 1026 2053 'Cassius
1058 1980 1180 2076 primis
1211 1996 1294 2075 post
1326 1977 1468 2052 cladem

286 2120 473 2200 acceptam
514 2098 738 2200 temporibus
770 2105 884 2177 otium
908 2105 1059 2178 haberet
1096 2107 1142 2178 ab
1168 2104 1273 2177 hoste
1294 2119 1461 2202 ‘externo

162 2305 167 2315 ,
262 2228 406 2323 ιΡεῑτῑὴί
444 2229 478 2300 in
510 2229 716 2330 praesentia
748 2229 834 2301 satis
867 2228 1059 2317 habebant,
1094 2254 1326 2325 quascunque
1358 2227 1467 2300 urbes

287 2353 458 2453 Graecas„
473 2352 507 2423 in
538 2353 809 2449 Mesopotamia
844 2354 994 2426 Crassus
1020 2353 1170 2450 imperio
1192 2352 1357 2426 Parthico
1382 2350 1466 2424 libe·

285 2493 437 2565 raverat,
473 2502 696 2573 recuperare,
731 2503 850 2574 neque
887 2478 1075 2550 Romanos
1107 2474 1202 2551 bello
1226 2474 1463 2550 lacessebant.

285 2601 394 2673 Anno
435 2623 481 2693 52
526 2602 673 2674 demum
711 2603 746 2674 in
788 2603 931 2698 Syriam
959 2602 1163 2675 invaserunt
1190 2627 1271 2673 cum
1305 2601 1465 2674 exercitu
1525 2701 1532 2710 ι

285 2725 381 2796 haud
409 2725 459 2797 ita
488 2733 646 2821 magn0,
664 2741 790 2826 utpote
813 2727 849 2798 in
867 2727 1088 2823 provinciam
1104 2727 1231 2799 orbam
1246 2725 1467 2822 imperatore

285 2864 322 2920 et
348 2847 494 2920 infirmis
522 2849 695 2921 munitam
722 2849 922 2945 praesidiis,
954 2876 1026 2947 quo
1052 2850 1184 2923 sactum
1212 2865 1278 2937 est,
1313 2865 1353 2921 ut
1373 2847 1464 2922 sacili

285 2972 434 3068 negotio
471 2971 617 3045 Cassius
650 2998 714 3045 eos
742 2988 840 3045 trans
869 2973 1092 3070 Euphratem
1129 2970 1333 3069 reppulerit.
1354 2973 1366 3044 .’
1386 2972 1464 3045 Sed

283 3113 431 3193 postero
472 3123 567 3170 anno
604 3096 841 3170 incursionem
869 3104 1095 3187 renovarunt,
1135 3113 1172 3170 et
1199 3123 1291 3169 nunc
1318 3097 1465 3195 quidem

284 3220 408 3292 melius
436 3221 562 3318 parati.
619 3221 748 3294 Mense
775 3220 914 3311 Sextili,
942 3223 1065 3318 paucis
1093 3222 1201 3319 igitur
1227 3215 1354 3295 diebus
1379 3238 1466 3317 post

284 3345 466 3418 Ciceronis
507 3345 542 3416 in
583 3344 712 3417 Asiam
752 3345 960 3434 adventum,
1000 3346 1223 3442 Euphratem
1250 3325 1466 3436 transierunt

284 3494 364 3540 cum
388 3468 523 3564 ingenti
536 3468 570 3540 vi
582 3468 779 3564 copiarum,
797 3469 890 3541 duce
905 3470 1054 3558 Pacoro,
1072 3469 1206 3543 Orodis
1220 3468 1302 3559 filio,
1327 3469 1387 3565 cui
1395 3495 1462 3542 rex

284 3593 332 3666 ob
357 3590 529 3688 puerilem
557 3608 716 3666 aetatem
737 3592 881 3666 Osacen
911 3594 1064 3668 dederat
1077 3596 1111 3667 in
1126 3590 1321 3682 consilium,
1346 3593 1462 3666 virum

284 3739 416 3811 magna
444 3717 477 3789 in
505 3716 644 3790 Parthis
672 3717 884 3792 auctoritate
915 3720 1113 3792 florentem.
1146 3720 1184 3813 4)
1238 3691 1247 3707 ⁶

321 3945 345 4001 1)
363 3939 433 4002 App.
455 3937 483 3983 Bv
504 3937 532 3984 C.
552 3937 589 3995 11,
608 3950 660 3999 49:
681 3930 819 4003 Πομπηΐῳ
839 3927 870 3984 δὲ
888 3922 947 3999 (ἦν)
963 3926 1049 3984 πέντε
1069 3927 1121 4000 μὲν
1140 3927 1168 3997 ἐξ
1185 3927 1306 3994 Ἰταλίας
1315 3929 1452 4000 (calm...

283 4018 314 4077 ἐκ
331 4019 362 4076 δὲ
383 4022 561 4088 Παρθυαίων
579 4018 631 4075 δύο
650 4019 707 4074 τῶν
725 4017 776 4073 σὺν
794 4014 915 4091 Κράσσῳ
932 4017 1170 4087 πεπολεμηκότων
1188 4015 1223 4074 τὰ
1242 4015 1392 4074 ὑπόλοιπα.
1488 4049 1494 4067 ·

319 4113 345 4171 2)
365 4111 403 4159 Cf.
423 4111 490 4169 Plut‚
510 4111 578 4160 Brut.
599 4123 639 4172 29.
660 4111 729 4173 App.
751 4109 778 4158 B.
799 4108 828 4160 C.
848 4107 893 4155 IV.
919 4119 976 4168 123.

319 4202 345 4263 3)
364 4199 511 4247 Factionem
538 4197 699 4255 Iudaeorum,
724 4211 788 4260 quae
808 4195 898 4243 Crasso
920 4195 1023 4244 absente
1041 4195 1193 4245 seditionem
1211 4205 1340 4255 moverat,
1360 4195 1462 4245 Cassius

282 4289 313 4336 ab
334 4286 443 4336 Herodo
463 4286 597 4350 Antipatro
617 4285 717 4334 adiutus
735 4284 845 4342 devicit3
865 4283 961 4332 circiter
979 4283 1080 4348 triginta
1098 4286 1168 4333 milia
1184 4301 1272 4335 eorum
1281 4287 1307 4334 in
1317 4285 1461 4334 servitutem

282 4377 393 4441 redegit3
409 4375 556 4425 ‚seditionis
584 4380 718 4430 auctorem,
740 4373 884 4422 Pitholaum
906 4372 1032 4436 supplicio
1053 4372 1143 4422 affecit.
1164 4374 1204 4423 Cf.
1221 4374 1291 4423 Flav.
1313 4375 1364 4426 Ios.
1383 4374 1416 4426 A.
1435 4373 1460 4436 J.

282 4466 352 4518 XlV.
374 4477 397 4526 7·
416 4469 427 4525 t
446 4477 470 4526 3·
1495 4461 1497 4464 ’

316 4559 344 4615 4)
371 4554 501 4611 Surenam,
529 4551 599 4600 cuius
618 4566 656 4598 res
674 4558 760 4614 gestae
773 4550 900 4599 ‘invidiam
920 4551 1096 4610 conflaverant,
1116 4567 1159 4600 rex
1179 4552 1346 4601 occidendum
1365 4549 1461 4599 curavit

282 4643 353 4691 haud
371 4642 405 4690 ita
424 4641 505 4689 multo
525 4647 583 4705 post
602 4639 682 4687 Crassi
701 4639 835 4687 interitum.
856 4639 894 4688 Cs.
915 4640 979 4688 Plut.
999 4640 1079 4690 Crass,
1100 4653 1142 4702 33.
