3292 5259
790 299 825 372 87

221 469 321 564 quod
340 466 505 563 'spatium
534 466 665 540 itineris
690 466 820 556 tridu0,
842 466 910 556 veI,
927 484 966 541 ut
980 467 1181 566 plurimum,
1198 471 1399 567 quadriduo

221 592 361 664 emetiri
387 592 575 687 potuisset.
613 595 645 687 1)
674 592 840 665 Profecto
868 618 940 666 non
968 608 1046 666 erat
1073 594 1205 691 ingenii
1231 594 1399 692 simplicis

220 733 259 787 et
300 716 453 804 candidi,
483 715 552 788 hoc
581 716 615 788 in
643 713 804 813 epistolis
832 717 879 790 ad
907 717 1043 790 amicos
1068 717 1302 808 dissimulare,
1334 720 1400 792 sed

222 838 386 912 nolumus
428 840 574 912 nimium
598 840 685 913 vitio
713 840 746 913 ei
773 857 927 929 vertere,
958 843 1057 940 quod
1085 867 1157 916 non
1184 845 1305 918 statim
1333 845 1400 919 iter

222 966 257 1035 in
289 964 431 1037 hostem
455 989 611 1062 pergere
643 965 774 1062 coepit,
804 964 862 1039 vel
887 981 987 1039 tanta
1012 973 1097 1040 usus
1122 969 1290 1043 tarditate
1319 996 1399 1066 pro-

221 1114 368 1186 gressus
396 1105 471 1179 est,
501 1089 612 1163 multa
640 1090 793 1164 sortasse
820 1107 923 1164 erant
949 1094 1121 1188 paranda,
1143 1092 1255 1166 multa
1273 1095 1400 1167 consti

222 1214 366 1303 tuenda,
405 1216 617 1310 praesertim
644 1215 711 1288 hac
739 1214 942 1288 infirmitate
971 1217 1158 1289 exercitus

276 1365 308 1414 a.
332 1341 366 1411 d.
392 1339 473 1410 XIII
495 1339 576 1414 Kal.
600 1340 682 1413 Oct.
705 1340 859 1413 certiora
874 1340 1054 1437 quaedam
1070 1340 1116 1412 de
1130 1340 1269 1413 Parthis
1281 1342 1328 1414 ad
1343 1341 1398 1415 Ci-

220 1489 390 1536 ceronem
409 1466 642 1561 perferuntur,
665 1491 755 1537 nunc
775 1465 922 1563 quidem
937 1465 1046 1538 missa
1060 1491 1083 1538 a
1095 1464 1167 1539 fide
1182 1465 1399 1563 dignissimis

220 1589 435 1662 auctoribus.
457 1589 506 1661 ad
524 1589 625 1662 Fam.
647 1589 730 1662 XV.
759 1613 787 1660 1.
814 1613 846 1662 2.
873 1617 929 1662 »a
950 1591 983 1662 d.
1006 1590 1110 1662 Xlll
1121 1591 1208 1662 Kal.
1230 1590 1302 1663 Oct.
1320 1619 1399 1664 cnm

150 1717 173 1729 ”
219 1715 413 1786 exercitam
442 1715 481 1786 in
512 1714 678 1786 Cr‘tz'ciam
704 1715 876 1800 durarem,
907 1714 947 1785 in
962 1714 1108 1810 finibus
1137 1715 1339 1810 Lycaoniae
1370 1726 1403 1790 at

222 1838 468 1933 Cappadociae
482 1838 726 1910 mr‘liilittaraa
743 1838 901 1910 redditae
918 1847 1006 1910 rant
1016 1864 1041 1909 a
1061 1838 1337 1926 Tarcondimoto,
1360 1844 1394 1936 2)

220 1963 286 2058 pai
309 1961 553 2058 fidalzirimas
594 1962 708 2034 socr'ris
753 1971 860 2033 trans
880 2049 886 2056 Ι
903 1962 1067 2034 Taurum
1094 1963 1400 2059 amarissimosque

214 2087 345 2180 papali
368 2087 533 2158 Romani
552 2086 795 2173 existimatur,
825 2086 1007 2158 Pacorum
1038 2063 1155 2159 Orodi
1176 2089 1274 2184 ragis
1308 2089 1398 2161 Par-

220 2210 362 2282 thorum
375 2211 507 2306 filiam
532 2236 612 2282 cam
630 2219 836 2306 permagno
859 2211 1016 2306 equitata
1033 2211 1207 2284 Parthico
1223 2215 1399 2286 transisse

220 2335 447 2429 Euphratem
473 2342 507 2406 at
530 2344 650 2407 castra
667 2337 835 2431 posuisse
865 2335 990 2432 Tybae,
1012 2361 1251 2433 magnamque
1268 2340 1398 2410 tartul-

220 2468 298 2529 tarn
337 2484 410 2530 esso
451 2459 490 2530 in
521 2461 716 2554 proor‘rzcia
744 2460 857 2557 Syrr'a
882 2461 1103 2544 excitatura,-
1129 2462 1243 2532 rodam
1270 2461 1326 2533 die
1353 2463 1397 2533 ab

219 2583 423 2670 Iamblicho,
448 2586 484 2679 3)
503 2585 703 2682 phylarcho
718 2585 896 2672 Arabum,
914 2609 1014 2680 qaam
1027 2583 1186 2657 lromz'aas
1200 2585 1400 2679 opz'rrarrtar

218 2707 300 2778 bana
334 2709 465 2779 sentiro
491 2708 711 2805 amorumque
741 2734 813 2781 assa
840 2707 1052 2804 reipublicae
1077 2718 1229 2796 nostrae,
1260 2711 1398 2782 litterae

219 2831 262 2902 da
289 2832 414 2903 ir'sdam
441 2831 545 2902 rabat
572 2831 669 2903 mr‘lti
689 2833 848 2904 redditae
872 2832 989 2904 „erant”
1044 2832 1114 2903 Hic
1141 2832 1283 2905 nuntius
1298 2848 1395 2905 certe

219 2978 292 3026 non
332 2950 477 3027 valebat
512 2953 560 3026 ad
588 2953 770 3027 Ciceronis
796 2955 953 3028 animum
981 2980 1066 3027 cura
1093 2981 1135 3028 ac
1162 2954 1396 3030 sollicitudine

219 3076 462 3150 liberandum:
490 3078 601 3151 hostis
621 3096 699 3151 erat
718 3079 751 3150 in
768 3079 997 3175 Cyrrhestica
1011 3123 1062 3132 —
1078 3079 1125 3152 ibi
1140 3079 1235 3151 enim
1249 3080 1396 3176 Tybam

220 3203 325 3274 sitam
351 3229 434 3275 esse
452 3219 548 3275 recte
568 3201 744 3300 colligitur
758 3228 805 3274 ex
819 3201 972 3299 epistola
987 3188 1034 3275 ad
1049 3203 1126 3276 Att.
1148 3204 1193 3276 V.
1217 3209 1273 3278 18.
1297 3229 1325 3277 1.
1344 3250 1395 3258 —

260 3472 282 3530 1)
301 3469 395 3516 Totum
420 3469 528 3533 spatium
546 3485 561 3516 a
579 3467 671 3516 finibus
689 3467 813 3531 Phrygiae
830 3484 875 3532 per
894 3468 1049 3518 Laodiceam
1069 3486 1146 3535 usque
1164 3470 1197 3518 ad
1216 3470 1277 3519 fines
1300 3471 1395 3536 Cappa-

220 3557 311 3604 dociae
328 3557 437 3605 habebat
455 3556 550 3604 stadios
570 3554 629 3616 840.
650 3555 688 3604 Cs.
709 3555 799 3604 Strabo
819 3555 879 3617 663.

258 3649 281 3706 2)
299 3645 514 3693 Tarcondimotus
541 3644 661 3708 regnabat
679 3644 705 3692 in
724 3651 811 3692 monte
829 3645 939 3706 Amano
961 3644 998 3693 cf.
1019 3645 1109 3694 Strabo
1129 3646 1198 3707 676:
1218 3639 1303 3704 „rad’
1322 3639 1395 3714 ἡμᾶς

220 3728 253 3784 δὲ
280 3728 399 3798 κατέστη
426 3727 522 3797 κύριος
547 3726 663 3782 πάντων
689 3725 761 3796 ἀνὴρ
790 3725 936 3798 ἀξιόλογος
963 3727 1012 3782 καὶ
1028 3727 1158 3800 βασιλεὺς
1175 3726 1230 3784 ὑπὸ
1246 3726 1395 3800 Ῥωμαίων

220 3811 374 3884 ὠνομάσθη
402 3811 450 3867 διὰ
477 3809 527 3874 τὰς
553 3809 752 3881 ἀνδραγαθίας
781 3814 1017 3880 Ταρκονδίμοτος,
1044 3811 1093 3867 καὶ
1110 3811 1162 3882 τὴν
1180 3813 1318 3886 διαδοχὴν
1336 3821 1395 3878 τοῖς

219 3895 278 3963 μετ’
297 3895 386 3953 αὐτὸν
402 3896 559 3965 παρέδωκε,
581 3902 655 3950 Bello
676 3902 782 3949 Actiaco
801 3917 859 3949 cum
877 3901 933 3949 aliis
953 3901 1029 3949 Asiae
1048 3903 1141 3966 regulis
1160 3905 1206 3952 sub
1225 3906 1340 3954 Antonio
1351 3906 1395 3954 mi·

219 3993 307 4056 litavit,
327 4008 356 4040 ac
375 3991 458 4040 navali
477 4007 562 4056 pugna
580 3991 613 4038 ab
631 3990 746 4054 Angppa
759 3989 844 4038 ‘victus
864 3989 964 4048 interiit,
980 3990 1058 4054 paulo
1069 4000 1202 4056 antequam
1213 3993 1281 4057 apud
1293 3995 1395 4043 Actium

221 4084 335 4132 universa
353 4082 432 4130 classe
450 4080 576 4145 proelium
595 4077 758 4126 commissum
778 4084 822 4126 est,
844 4077 882 4128 Cf.
903 4077 954 4125 Dio
975 4078 1004 4126 L.
1028 4091 1067 4139 14.
1088 4080 1152 4127 Plut.
1172 4081 1232 4128 Ant.
1253 4080 1294 4128 61.

257 4174 284 4234 3)
302 4170 457 4219 lamblichus
484 4168 550 4216 filius
569 4174 621 4216 erat
640 4165 841 4230 Sampsicerami,
862 4164 904 4229 qui
922 4164 1101 4214 dominabatur
1120 4162 1227 4217 Em'esae
1246 4178 1270 4216 et
1288 4170 1394 4218 Arethu-

220 4277 270 4319 sae,
290 4259 393 4325 oppidis
411 4257 464 4305 sitis
482 4272 564 4321 prope
582 4262 695 4304 montem
706 4254 890 4302 Antilibanum.
902 4252 992 4301 Strabo
1005 4263 1018 4314 7
1022 4264 1035 4316 5
1040 4267 1055 4317 3
1067 4272 1073 4304 :
1090 4247 1243 4319 Ἀρὲθουσα
1253 4249 1270 4320 ἡ
1280 4255 1394 4321 Σαμψι-

220 4342 345 4414 κεράμου
367 4341 416 4397 καὶ
430 4337 587 4413 Ἰαμβλίχου
605 4339 655 4392 τοῦ
675 4333 787 4392 ἐκείνου
804 4335 916 4401 παιδός,
934 4334 1085 4407 φυλάρχων
1107 4333 1157 4391 τοῦ
1174 4335 1392 4407 Ἐμεσηνῶνὲθ-

220 4449 294 4491 roos.
315 4433 367 4480 Hic
386 4432 430 4480 ille
449 4438 485 4479 est
504 4428 666 4486 lamblichus,
687 4428 729 4492 qui
747 4435 838 4492 postea
857 4426 968 4475 Caecilio
990 4427 1068 4475 Basso
1081 4433 1176 4475 contra
1195 4425 1307 4474 Caesaris
1327 4441 1393 4474 exer-

221 4521 282 4569 citus
301 4519 427 4585 suppetias
445 4519 509 4566 tuIit.
547 4517 621 4565 Bello
640 4515 746 4563 Actiaco
764 4514 880 4580 pessimis
899 4514 1029 4563 tormentis
1047 4513 1190 4563 interfectus
1208 4522 1245 4562 est
1263 4514 1295 4562 ab
1314 4515 1393 4562 Anto-

221 4610 273 4668 nio,
301 4611 342 4675 qui
370 4608 543 4674 suspicabatur
570 4603 739 4653 desectionem
762 4619 820 4652 eum
841 4604 873 4652 ad
893 4605 1024 4653 Caesarem
1043 4619 1151 4669 parasse.
1171 4602 1208 4650 CI.
1229 4603 1281 4650 Dio
1301 4603 1330 4650 L.
1354 4614 1392 4663 13.
