3292 5259
733 345 769 402 47

158 496 350 594 Medisque
378 494 426 569 ad
454 496 731 569 internecionem
759 496 1027 583 esset-occisus
1049 496 1246 593 desperans
1265 498 1336 571 Ro-

159 646 347 694 manorum
374 620 559 693 victoriam
587 645 652 692 rex
677 621 870 694 Armenius
898 621 933 693 in
960 645 1112 716 regnum
1144 638 1248 693 suum
1267 621 1335 694 dis·

158 747 276 834 cessit,
318 770 441 819 secum
482 744 664 817 abducens
699 745 821 818 omnia
857 742 997 833 auxilia,
1045 770 1139 842 quae
1173 722 1335 819 Antonio

157 870 415 966 suppeditarat,
446 870 586 966 equites
608 869 655 956 ad
684 895 872 943 numerum
896 870 1055 943 sedecim
1079 867 1223 957 milium,
1253 869 1335 940 Par-

156 994 253 1066 thico
281 1018 382 1067 more
414 994 551 1090 optime
578 993 767 1067 instructos
803 1018 1001 1091 eorumque
1028 994 1153 1090 generi
1188 1018 1335 1090 pugnae

158 1132 333 1190 assuetos
363 1118 447 1191 Hoc
475 1117 706 1189 incommodo
735 1114 817 1191 nihil
845 1118 1019 1191 Romanis
1046 1114 1230 1214 molestius
1253 1142 1334 1190 eve·

157 1242 232 1315 nire
260 1257 414 1339 poterat,
442 1267 526 1313 nam
552 1228 643 1338 quos
671 1241 737 1337 ipsi
767 1241 906 1338 equites
933 1240 1126 1329 habebant,
1152 1238 1334 1314 celeritate

156 1358 340 1464 equitan'di
355 1365 517 1438 barbaris
530 1361 641 1459 longe
655 1364 852 1451 inferiores¹
871 1388 943 1436 non
956 1365 1043 1437 satis
1056 1365 1185 1437 acriter
1192 1365 1334 1438 hostem

156 1491 355 1587 fugientem
381 1488 543 1561 insistere
568 1486 745 1575 valebant,
772 1487 868 1559 unde
895 1488 1109 1561 factumest
1135 1505 1184 1577 ut,
1204 1489 1333 1561 'sicubi

156 1614 312 1687 Romani
340 1612 526 1687 victoriam
544 1602 833 1709 reportavissent,
862 1636 908 1683 ea
920 1611 1018 1684 omni
1036 1627 1175 1684 careret
1190 1609 1330 1685 effectu.
1400 1636 1411 1649 ¹

156 1736 335 1809 Antonius
362 1736 479 1833 igitur,
509 1752 549 1809 ut
573 1760 640 1833 par
666 1751 753 1823 erat,
783 1736 999 1809 Artavasdis
1016 1731 1144 1831 culpae
1162 1751 1201 1808 et
1215 1736 1333 1832 prodi-

154 1860 241 1933 tioni
267 1860 486 1956 assignabat,
526 1859 624 1958 quod
648 1875 733 1955 post
760 1855 1038 1931 multasclades
1052 1859 1170 1931 rebus
1197 1859 1333 1933 insectis

154 1985 294 2057 tristem
322 1983 418 2057 illum
436 1984 471 2057 in
491 1984 634 2080 Syriam
650 1983 804 2056 reditum
818 1983 986 2056 inchoare
998 1997 1076 2055 erat
1092 1998 1248 2074 coactus,
1266 2009 1332 2058 nec

154 2110 347 2206 quicquam
373 2109 502 2182 certius
526 2108 695 2195 habebat,
726 2133 836 2206 quam
855 2122 893 2179 ut
911 2107 1101 2216 occasione
1119 2106 1206 2181 data
1230 2107 1331 2203 perfi-

154 2212 239 2305 diae
265 2258 403 2328 poenas
428 2231 560 2305 abillo
588 2246 779 2328 repeteret.
834 2231 892 2303 Ne
916 2231 1037 2304 statim
1076 2231 1111 2303 in
1135 2231 1251 2303 reditu
1277 2258 1331 2304 su-

155 2372 272 2429 meret
296 2357 488 2429 vindictam
513 2355 694 2452 prohibuit
720 2355 851 2427 misera
878 2354 1036 2427 conditio
1054 2355 1242 2442 exercitus,
1270 2355 1330 2452 qui

155 2480 330 2552 continuis
348 2477 540 2568 laboribus,
567 2477 722 2576 proeliis,
744 2464 879 2553 morbis
899 2478 1059 2574 graviter
1073 2494 1151 2551 erat
1164 2478 1326 2551 afflictus

154 2605 281 2701 Itaque
301 2604 484 2677 offensum
502 2629 605 2677 suum
624 2603 781 2676 animum
795 2627 905 2700 quam
920 2602 1077 2675 maxime
1092 2599 1326 2689 dissimulans,

153 2730 201 2801 de
229 2726 335 2801 solita
357 2725 596 2801 familiaritate
623 2726 706 2800 nihil
730 2726 876 2814 remisit,
906 2750 1056 2822 sperans
1074 2725 1150 2798 fore
1169 2739 1207 2797 ut
1232 2726 1328 2797 omni

153 2850 295 2924 ultionis
322 2851 525 2948 suspicione
552 2868 694 2925 remota
718 2851 833 2925 minus
860 2865 1028 2947 paratum
1045 2875 1127 2923 eum
1142 2849 1324 2938 inveniret,

155 3001 236 3046 cum
261 2973 394 3048 bellum
422 2990 519 3049 esset
545 2992 790 3049 renovaturus.
895 2972 898 2975 ⁴

209 3099 364 3171 Postero
389 3124 494 3187 anno,
516 3125 602 3175 cum
631 3100 679 3171 ad
707 3097 856 3172 alteram
882 3098 1150 3194 expeditionem
1178 3124 1218 3170 se
1231 3123 1326 3171 com-

151 3237 309 3317 pararet,
352 3247 466 3295 novus
507 3223 634 3311 socius,
684 3203 801 3320 neque
835 3223 864 3295 is
892 3222 1125 3319 spernendus¹
1174 3248 1324 3318 operam

149 3370 253 3419 suam
281 3346 464 3441 professus
492 3362 557 3419 est.
584 3346 667 3419 Rex
695 3346 790 3419 enirn
815 3346 1007 3419 Medorum
1022 3346 1164 3447 Phraati
1177 3362 1326 3441 propter

149 3469 315 3542 iniustam
360 3469 520 3565 praedae
554 3469 766 3543 divisionem
801 3494 1015 3542 succensens
1050 3470 1251 3565 timensque
1278 3493 1324 3541 ne
1369 3509 1371 3512 ·

149 3620 264 3692 regno
292 3595 339 3669 ab
367 3619 413 3668 eo
445 3594 654 3691 privaretur,
670 3592 813 3692 «legatis
837 3593 953 3668 missis
971 3591 1120 3665 Antonii
1132 3590 1324 3663 amicitiam

150 3719 344 3807 ambiebat,
381 3735 490 3817 atque
519 3718 567 3801 ad
592 3715 726 3791 bellum
753 3717 957 3791 Parthicum
981 3714 1194 3790 societatem
1221 3741 1323 3789 suam

150 3840 338 3914 offerebat.
370 3841 490 3934 Quam
509 3839 567 3913 ille
586 3867 633 3914 eo
651 3840 812 3937 cupidius
826 3839 982 3935 arripuit,
1000 3838 1099 3938 quod
1112 3838 1164 3912 sic
1177 3839 1323 3937 quidem

148 3965 185 4037 id
222 3965 289 4037 sibi
324 3964 492 4052 adiunxit,
529 3964 627 4036 cuius
652 3963 773 4059 inopia
799 3962 972 4059 imprimis
999 3963 1114 4035 luerat
1140 3963 1175 4033 in
1202 3988 1319 4049 causa,

147 4090 338 4187 quominus
362 4114 457 4161 anno
482 4087 601 4183 priore
618 4086 759 4160 hostem
779 4086 981 4174 devicisset,
1007 4110 1138 4180 nempe
1164 4083 1328 4157 validum

146 4212 355 4310 equitatum,
388 4214 420 4308 1)
452 4211 511 4309 qui
536 4206 747 4283 Parthorum
775 4209 888 4305 copiis
913 4235 1021 4306 pares
1048 4209 1117 4282 dici
1142 4225 1318 4305 poterant⁴

186 4451 208 4510 1)
228 4446 266 4498 Cf.
293 4447 384 4496 Strabo
412 4457 480 4509 523:
509 4436 568 4495 ἔστι
596 4436 623 4493 δ’
652 4436 686 4493 οὐ
716 4438 801 4509 μικρὰ
819 4437 892 4495 κατὰ
910 4438 961 4511 τὴν
979 4441 1100 4510 δύναμιν
1117 4445 1179 4504 (scil.
1197 4438 1215 4511 ἡ
1232 4440 1320 4508 Ἀτρο-

145 4530 251 4600 ττοῖτιοςΙ
275 4533 388 4600 Μηδία)
405 4524 442 4591 dit
459 4547 546 4598 φησιν
562 4524 767 4597 Ἀπολλωνίδης,
793 4524 858 4600 ἥγε
877 4531 926 4585 καὶ
942 4534 1060 4600 μυρίους
1077 4528 1182 4590 ἱππέας
1199 4528 1320 4582 δύναται

119 4660 126 4667 .
144 4614 331 4684 παρέχεσθαι,
351 4615 443 4681 πεζῶν
460 4611 492 4668 δὲ
511 4611 646 4681 τέτταρας
663 4612 811 4683 μυριάδας.
