3292 5259
878 301 915 373 78

298 490 390 548 erat
422 472 566 559 amicus,
601 471 715 568 parcit
751 470 919 567 rogando
952 485 997 546 et
1021 467 1258 555 adhortando,
1297 483 1336 539 ut
1374 491 1482 539 annus

314 613 457 671 maneat
488 622 555 669 suo
583 611 689 669 statu.
727 599 763 690 Ι)

365 724 453 795 Post
494 718 627 794 lentum
670 720 775 808 trium
803 718 979 791 mensium
1008 719 1075 790 iter
1110 717 1239 790 Cicero
1267 714 1484 788 Laodiceam

311 847 475 945 pervenit
501 844 614 942 pridie
643 841 723 917 Kal.
754 840 917 931 Sextilis,
947 858 985 915 et
1012 842 1081 915 hoc
1107 841 1165 915 die
1192 840 1378 936 imperium
1414 864 1483 911 sus-

314 973 409 1068 cepit
434 969 649 1067 provinciae.
686 971 720 1065 2)
750 969 836 1062 Quo
863 968 1061 1064 imperante
1089 966 1175 1064 quid
1194 980 1319 1038 contra
1337 962 1485 1036 Parthos

315 1111 459 1192 gestum
487 1094 543 1180 sit,
572 1093 640 1166 hoc
665 1093 783 1188 capite
811 1093 1019 1165 examinare
1047 1091 1272 1187 propositum
1297 1089 1426 1163 habeo,

367 1220 444 1293 Sed
470 1235 664 1315 antequam
692 1209 739 1289 ad
768 1215 992 1312 propositum
1021 1215 1228 1320 aggredior,
1260 1239 1377 1310 pauca
1390 1238 1487 1310 prae-

315 1345 456 1431 cedant,
488 1343 664 1440 equibus
690 1358 931 1438 cognoscatur
959 1341 1091 1414 eximia
1108 1340 1218 1412 virtus
1238 1355 1275 1412 et
1288 1338 1485 1435 prudentia,

317 1493 389 1566 qua
429 1492 496 1563 per
521 1467 627 1538 ¹duos
655 1490 768 1538 annos
795 1490 843 1537 ex
872 1464 992 1537 Crassi
1021 1462 1124 1550 clade
1151 1461 1419 1560 praeterlapsos
1447 1463 1485 1535 C.

315 1593 462 1666 Cassius
488 1592 523 1663 in
548 1591 655 1687 Syria
682 1590 838 1663 erexerit
857 1605 894 1661 et
913 1588 1201 1662 corroboraverit
1219 1585 1402 1661 labentem
1416 1613 1489 1659 rem

314 1719 527 1789 Romanam.

368 1841 442 1913 lam
471 1841 505 1912 in
531 1841 610 1936 ipsa
635 1840 723 1913 tristi
753 1838 811 1913 illa
840 1841 1072 1936 expeditione
1101 1866 1182 1914 eam
1215 1841 1425 1914 ostenderat
1443 1840 1490 1911 rei

315 1964 474 2038 militaris
503 1965 677 2061 peritiam,
706 1991 788 2037 eam
816 1966 851 2036 in
870 1967 977 2038 rebus
996 1966 1157 2063 angustis
1172 1980 1209 2037 et
1223 1951 1491 2061 trepidis‘animi
1524 2025 1526 2041 ,
1621 1949 1622 2034 J

315 2089 556 2185 praesentiam
584 2104 622 2174 et
640 2089 888 2176 constantiam,
911 2115 1062 2187 quarum
1082 2088 1189 2163 laude
1213 2090 1295 2163 inde
1314 2116 1429 2187 usque
1448 2089 1491 2160 in-

316 2214 465 2310 signiter
479 2215 638 2288 florebat.
666 2215 753 2286 Eius
768 2212 915 2287 consilio
925 2214 954 2286 si
965 2239 1088 2288 aurem
1098 2215 1322 2311 praebuisset
1331 2215 1489 2299 Crassus,

272 2376 275 2381 ·
317 2338 479 2434 prolecto
495 2336 582 2410 alius
598 2338 713 2411 exitus
728 2337 824 2412 bello
840 2339 964 2411 fuisset
974 2338 1170 2435 impositus,
1187 2339 1289 2411 sinon
1299 2354 1493 2435 prosperet

319 2461 412 2548 lelix,
440 2479 600 2536 attamen
623 2463 738 2535 minus
762 2463 874 2559 tur'pis
893 2479 930 2536 et
945 2461 1183 2537 calamitosus.
1212 2464 1298 2536 lnde
1331 2464 1379 2536 ab
1399 2463 1492 2534 initio

320 2602 505 2683 tamquam
524 2587 758 2682 praesagiens
784 2585 915 2660 malum
946 2588 1156 2683 impendens
1177 2569 1329 2662 'Cassius
1344 2589 1493 2662 retinere

270 2744 272 2748 ⁴
318 2710 489 2782 studebat
517 2711 772 2806 imperatorem
798 2737 946 2787 caecum
974 2728 1011 2785 et
1038 2713 1271 2808 praecipitem
1296 2713 1330 2784 in
1349 2713 1493 2786 exitium

320 2849 491 2907 ruentem.
550 2835 675 2908 Paucis
704 2835 831 2908 diebus
859 2851 942 2932 post
968 2836 1160 2932 Euphratis
1192 2837 1379 2910 traiectum
1417 2863 1493 2909 cum
1541 2839 1542 2848 ’

322 2960 473 3032 Crassus
516 2959 672 3056 undique
698 2959 887 3055 regionem
915 2960 1070 3033 hostium
1096 2987 1246 3034 vacuam
1274 2961 1520 3059 conspiciens.

322 3082 428 3156 alacri
443 3083 563 3157 animo
578 3099 614 3156 et
630 3084 700 3156 iam
715 3100 833 3157 certus
848 3085 1019 3158 victoriae
1034 3087 1258 3182 procederet,
1277 3087 1405 3160 frustra
1415 3111 1494 3159 eum

323 3207 531 3279 dehortatus
546 3223 611 3293 est,
630 3234 675 3281 ne
700 3226 887 3305 pergeret,
911 3211 1038 3284 frustra
1051 3211 1190 3283 monuit
1203 3226 1242 3283 ut
1260 3211 1348 3284 urbe
1359 3209 1492 3308 aliqua,

324 3355 417 3428 quae
445 3331 613 3403 Romano
639 3333 819 3436 praesidio
847 3350 944 3409 esset
972 3334 1116 3420 munita,
1147 3335 1345 3408 contineret
1368 3335 1496 3409 exerci-

324 3471 412 3541 tum,
440 3455 525 3527 dum
555 3458 641 3529 certi
669 3455 802 3555 aliquid
830 3460 876 3531 de
904 3458 1008 3532 hoste
1032 3459 1219 3533 resciisset.
1246 3460 1387 3557 Abgar,
1411 3459 1496 3532 frau-

324 3578 490 3653 dulentus
534 3579 589 3654 ille
618 3582 782 3656 Arabum
809 3580 1034 3678 phylarchus
1063 3583 1123 3681 qui
1148 3581 1314 3657 simulata
1346 3582 1497 3656 amicitia

327 3705 499 3799 speciosis
528 3722 565 3778 et
591 3704 685 3778 salsis
714 3695 935 3802 argumentis
955 3707 1036 3779 duci
1055 3709 1242 3804 persuasit,
1264 3724 1302 3781 ut
1316 3708 1497 3805 Euphrate

326 3829 368 3900 a'
389 3844 496 3924 tergo
533 3827 656 3903 relicto
700 3831 823 3926 copias
852 3831 885 3902 in
913 3847 1054 3904 vastam
1082 3857 1292 3928 camporum
1319 3829 1496 3929 planitiem

328 3952 516 4048 proiceret,
564 3952 692 4026 Cassio
734 3955 920 4050 imponere
962 3981 1032 4028 non
1078 3953 1243 4050 valebat3
1272 3956 1328 4028 hic
1355 3956 1497 4053 quidem

330 4091 558 4172 perspectam
567 4077 725 4193 habebat
745 4076 906 4151 fallacem
922 4094 958 4151 et
973 4078 1162 4152 subdolam
1177 4080 1330 4154 hominis
1346 4078 1497 4184 indolem

369 4349 393 4411 1)
411 4348 516 4414 Scripsit
534 4349 567 4396 ad
586 4348 700 4413 Appium
720 4348 854 4397 Claudium
879 4349 923 4412 (ad
943 4350 1012 4399 Fam.
1033 4349 1057 4408 8,
1077 4364 1110 4412 93
1134 4363 1174 4409 10,
1194 4355 1230 4416 3.)
1247 4358 1271 4400 et
1290 4351 1317 4399 C.
1332 4349 1444 4399 Cassium
1457 4345 1498 4411 (ad

330 4439 399 4487 Fam.
418 4438 475 4496 XV,
499 4436 558 4498 14),
578 4452 635 4484 cum
654 4436 744 4501 quibus
763 4452 794 4484 eo
814 4443 928 4501 tempore
947 4438 1084 4488 simultates
1104 4438 1126 4487 ei
1146 4439 1340 4489 intercesserant.

366 4540 393 4586 2)
418 4526 458 4576 ad.
486 4529 538 4578 Art.
557 4527 588 4574 V.
612 4536 656 4589 15:
677 4525 826 4573 Laodiceam
845 4526 904 4597 verri
913 4527 1002 4590 pridie
1019 4527 1080 4576 Kal.
1102 4528 1220 4577 Sextilis:
1237 4545 1268 4577 ex
1286 4529 1329 4577 hoc
1346 4527 1385 4575 die
1403 4527 1498 4574 clavum

327 4614 392 4663 armi
408 4615 519 4665 movebis.
