3292 5259
731 336 766 393 37

160 491 192 563 in
220 490 329 565 fidem
357 506 394 563 et
421 503 645 585 potestatem
663 487 817 567 victoris
850 488 922 581 Qui
941 513 1023 559 cum
1037 485 1236 583 supplicem
1250 513 1333 560 eum

160 614 207 687 ad
238 638 358 710 genua
392 638 457 685 sua
486 609 715 710 provolutum
743 611 942 707 conspexit,
972 612 1216 685 misericordia
1239 639 1333 687 com-

160 752 280 809 motus
304 762 453 832 surgere
472 762 555 809 eum
581 750 619 809 et
647 736 817 808 diadema
845 736 952 832 capiti
978 761 1155 832 reponere
1183 737 1283 810 iussit
1297 754 1334 810 et

160 860 318 957 benigna
345 886 429 933 usus
457 860 620 933 oratione
640 858 839 946 affirmavit,
861 883 933 932 non
946 885 987 933 se
1000 860 1135 933 habere
1150 862 1185 933 in
1198 861 1330 944 animo,

159 1008 274 1079 regno
302 983 399 1056 avito
425 1010 508 1056 eum
536 982 702 1079 spoliare.
733 984 889 1055 Veniam
903 980 949 1055 illi
963 962 1064 1056 dedit
1077 985 1235 1056 omnium
1250 985 1334 1057 iniu-

159 1109 288 1180 riarum
317 1122 354 1180 et
381 1108 645 1191 controversias
673 1107 765 1179 inter
791 1122 931 1203 patrem
959 1122 998 1180 et
1030 1104 1137 1179 filium
1167 1108 1333 1181 dirimere

107 1290 111 1303 .
160 1248 309 1304 conatus
350 1231 541 1318 constituit,
579 1246 618 1302 ut
645 1230 679 1302 in
708 1229 880 1325 Sophene
907 1230 1088 1326 Tigranes
1120 1230 1333 1305 adolescens

157 1332 346 1450 regnaret=,
377 1369 481 1449 pater
508 1353 678 1426 retineret
705 1353 916 1425 Armeniam
930 1380 976 1427 ea
989 1353 1082 1452 lege,
1100 1371 1139 1428 ut
1159 1373 1244 1452 post
1258 1358 1333 1431 eius

122 1480 124 1485 ’
158 1478 296 1557 obitum
324 1476 414 1549 filius
442 1477 476 1549 in
504 1502 585 1549 eam
613 1476 833 1551 succederet.
861 1480 895 1573 1)
1113 1486 1115 1490 ’

211 1600 293 1672 Hoc
334 1600 500 1672 iudicium
539 1616 578 1672 ut
615 1625 752 1696 magno
790 1625 918 1696 regem
951 1602 1087 1697 gaudio
1115 1602 1245 1684 affecit,
1282 1604 1333 1676 sic

108 1790 119 1819 q
158 1722 239 1812 filio,
269 1724 329 1821 qui
357 1740 472 1796 totum
500 1712 652 1819 regnum
680 1725 727 1797 ab
755 1724 973 1820 imperatore
1001 1726 1170 1799 Romano
1184 1751 1332 1823 exspec-

159 1848 316 1936 tavisset,
347 1848 545 1921 admodum
573 1826 795 1951 displicebat.
828 1849 864 1921 A
889 1849 1065 1952 Pompeio
1093 1850 1259 1923 invitatus
1285 1850 1331 1923 ad

158 1997 308 2045 coenam
336 1973 497 2045 abnuens
525 1972 721 2068 respondit,
752 1998 793 2045 se
821 1973 1071 2045 Romanorum
1090 1971 1197 2045 alium
1211 1974 1330 2046 inven-

157 2113 285 2185 turum,
329 2098 384 2169 cui
426 2098 542 2169 carior
582 2122 663 2169 esse
701 2111 839 2192 posset.
883 2096 1024 2189 Quibus
1067 2096 1186 2168 verbis
1223 2096 1333 2169 iratus
1389 2141 1393 2148 ·

156 2221 349 2315 Pompeius
377 2221 411 2291 in
438 2218 577 2293 vincula
605 2218 699 2291 illum
728 2219 841 2291 conici
869 2234 907 2291 et
925 2218 972 2291 ad
990 2219 1207 2314 triumphum
1221 2244 1333 2293 reser-

157 2344 231 2415 vari
260 2344 368 2415 iussit.
417 2380 420 2385 ⁴

210 2466 393 2555 Phraates,
431 2482 469 2538 ut
501 2492 567 2563 par
604 2482 690 2555 erat,
728 2466 947 2563 permoleste
982 2466 1017 2537 id
1044 2464 1123 2539 tulit
1148 2484 1187 2539 et
1214 2484 1332 2541 semet

158 2592 272 2688 ipsum
292 2615 362 2662 non
382 2591 496 2662 minus
511 2616 620 2688 quam
635 2615 809 2687 generum
832 2590 1011 2663 offensum
1025 2605 1132 2679 ratua
1160 2591 1208 2664 ad
1222 2592 1331 2687 impe-

155 2730 313 2787 ratorem
342 2714 437 2786 misit
464 2710 618 2809 legatos,
649 2714 709 2810 qui
736 2714 783 2787 de
811 2710 1027 2787 contumelia
1040 2731 1191 2811 accepta
1205 2742 1334 2812 expos-

157 2837 310 2911 tularent
323 2854 361 2911 et
371 2838 616 2933 captivitatem
626 2840 751 2934 generi
760 2839 1049 2935 deprecarentur.
1072 2839 1149 2912 Sed
1158 2840 1333 2912 incassum

158 2987 284 3058 preces
325 2986 450 3034 eorum
493 2962 715 3051 reciderunt3
745 2962 882 3034 insectis
908 2963 1016 3034 rebus
1043 2961 1191 3034 domum
1219 2986 1335 3033 rever-

157 3098 276 3155 terunt
321 3083 389 3154 hoc
416 3108 488 3156 uno
516 3110 692 3180 responso
725 3082 858 3171 ablato,
888 3086 1087 3180 Tigranem
1112 3088 1229 3184 magis
1254 3114 1335 3162 esse

164 3207 197 3278 in
243 3205 354 3301 patris
400 3230 511 3303 quam
546 3206 591 3276 ·in
634 3207 749 3278 soceri
792 3222 984 3303 potestate.
1024 3212 1059 3305 2)
1103 3211 1257 3300 Postea,
1276 3212 1336 3284 ubi

160 3329 354 3425 Pompeius
389 3328 611 3425 triumphans
640 3329 674 3402 in
702 3331 828 3403 urbem
855 3330 1005 3420 intravit,
1034 3349 1179 3428 praeter
1206 3332 1336 3406 multos

164 3451 253 3525 alios
281 3476 389 3547 reges
414 3448 485 3524 filia
508 3477 654 3549 quoque
667 3471 730 3523 τοῦ
748 3467 916 3538 βασιλέως
931 3469 1099 3543 βασιλέων
1112 3481 1192 3528 cum
1207 3457 1338 3530 marito

161 3590 199 3647 et
222 3572 330 3647 filiola
358 3599 423 3670 per
451 3574 669 3672 triumphum
695 3591 779 3648 ante
807 3601 947 3649 currum
972 3578 1116 3651 victoris
1135 3580 1243 3653 ducta
1269 3596 1335 3653 est.

214 3698 338 3796 Itaque
366 3724 449 3773 sero
474 3699 647 3772 Phraates
680 3700 903 3796 experiendo
929 3701 1079 3775 edoctus
1106 3719 1172 3791 est,
1203 3730 1339 3801 magno

168 3846 249 3893 cum
282 3820 377 3894 malo
404 3848 470 3895 suo
499 3848 540 3897 se
567 3824 731 3897 omisisse
759 3824 859 3922 quod
877 3825 1000 3920 primis
1026 3823 1110 3898 belli
1136 3827 1237 3899 annis
1265 3842 1339 3900 tam

203 4073 228 4144 ι)
247 4075 300 4123 Dio
328 4075 426 4125 Cassius
454 4076 620 4139 XXXVI‚52
643 4092 698 4141 sqq.
718 4076 786 4140 App.
808 4074 923 4126 Mithrid.
946 4088 1004 4136 104,
1023 4091 1079 4140 sqq.
1097 4075 1162 4127 Plut.
1183 4077 1273 4141 Pomp.
1296 4090 1338 4139 33.

201 4164 334 4229 Appianus
357 4164 431 4212 tradit
450 4172 548 4229 praeter
566 4165 703 4229 Sophenen
723 4163 877 4227 Gordyenen
895 4179 997 4228 quoque
1012 4163 1066 4212 filio
1074 4164 1190 4228 Tigranis
1199 4164 1340 4215 attributam

166 4253 252 4311 fuisse,
281 4268 363 4318 eoque
390 4260 464 4318 capto
492 4255 579 4303 ambas
607 4253 664 4303 illas
682 4252 799 4316 regiones
817 4252 960 4316 pervenisse
979 4252 1012 4300 ad
1033 4252 1237 4311 Ariobarzanem,
1256 4266 1340 4315 regem

151 4341 366 4406 ,Cappadociaez
394 4342 465 4407 quod
494 4342 526 4391 de
557 4341 694 4405 Gordyene
712 4346 797 4404 aperte
814 4337 906 4387 falsum
924 4345 980 4398 est;
1000 4354 1031 4388 ea
1047 4339 1115 4387 enim
1131 4340 1250 4387 manebat
1267 4354 1341 4387 causa

169 4430 309 4479 certaminis
328 4430 392 4480 inter
410 4431 545 4496 Tigranem
564 4436 588 4479 et
605 4429 738 4486 Phraaten,
757 4433 832 4492 atque
850 4441 919 4474 anno
938 4433 996 4491 post
1015 4442 1031 4474 a
1050 4426 1174 4490 Pompeio
1184 4432 1308 4490 occupata
1317 4433 1341 4473 et

170 4518 285 4582 Tigranis
304 4519 411 4583 imperio
429 4519 515 4567 addita
534 4524 578 4568 est.
600 4514 638 4566 Cf.
660 4515 711 4563 Dio
733 4515 801 4564 Cass.
822 4524 865 4576 37,
885 4514 991 4576 5.P1ut.
1011 4513 1100 4578 Pomp.
1121 4512 1162 4575 36.

204 4605 231 4677 2)
250 4607 315 4658 Plut.
334 4608 424 4672 Pomp.
444 4620 485 4669 33.
573 4589 574 4595 ἵ
