3292 5259
764 322 799 380 77

188 477 347 549 honores
379 474 513 548 deesse
552 472 705 548 moleste
733 474 841 547 serret
880 477 927 570 1).
973 473 1222 570 Quaecunque
1248 489 1370 547 autem

189 600 254 672 fuit
287 625 406 688 causa,
449 598 485 670 id
519 614 616 671 certe
658 614 809 686 constat,
847 622 933 671 mox
960 623 1042 672 eum
1070 597 1274 694 provinciae
1294 624 1369 672 sus-

187 740 318 820 ceptae
345 723 506 796 taedium
533 723 683 820 cepisse.
728 722 811 796 Hoc
851 745 959 796 unum
990 723 1155 805 ,habebat
1187 719 1366 810 solatium,

188 850 289 946 quod
325 864 471 922 senatus
508 873 631 922 curam
677 847 773 921 haud
814 845 1021 944 longiorem
1058 872 1176 920 annua
1216 850 1250 927 al
1292 847 1368 920 lore

186 974 410 1062 decreverat,
441 988 479 1046 et
509 972 606 1046 omni
632 997 703 1068 ope
736 987 846 1068 atque
875 997 999 1068 opera,
1031 996 1076 1044 ne
1095 988 1365 1067 prorogaretur,

185 1098 399 1172 enitebatur.
434 1098 593 1169 Vixdum
630 1097 665 1168 in
707 1098 929 1194 provinciam
962 1096 1134 1193 perve'nit,
1166 1112 1202 1169 et
1227 1097 1369 1193 scripsit

186 1223 235 1295 ad
262 1220 530 1316 dilectissimum
564 1221 717 1296 amicum
748 1222 809 1317 (ad
847 1222 923 1294 nn.
959 1221 1004 1293 V.
1046 1223 1126 1312 15):
1162 1221 1268 1294 »laec
1294 1247 1367 1294 nan

185 1348 364 1420 desitura:
409 1349 528 1434 lucem,
566 1347 710 1444 sarum,
754 1347 887 1438 urbem,
926 1347 1080 1433 domum,
1108 1371 1168 1418 vos
1195 1345 1363 1418 (nsidera.

186 1473 264 1544 Sed
273 1472 412 1569 feram,
452 1483 494 1544 nl
509 1482 643 1568 palera,
674 1473 848 1544 selinada
875 1496 1058 1556 annuum·
1086 1471 1363 1566 siprarogelnr,

185 1608 306 1670 actum
332 1598 412 1669 esl.’'
439 1597 488 1668 Et
518 1610 603 1692 post
634 1620 751 1692 pauca
772 1595 891 1669 addit:
925 1595 1092 1668 »clitellae
1111 1594 1365 1667 boae'snntim-

175 1723 340 1817 paulae,
357 1724 472 1816 plane
498 1747 570 1794 nan
596 1731 649 1793 est
673 1730 837 1793 nostrum
856 1746 955 1792 anns.
985 1719 1060 1791 Sed
1066 1719 1234 1806 feremus,
1252 1718 1362 1802 moda,

185 1849 227 1918 si
258 1872 313 1919 me
343 1871 456 1931 emas,
501 1846 602 1918 adsis
646 1854 686 1916 ln
730 1845 783 1916 ad
817 1853 965 1938 tempus,
994 1852 1036 1914 nl
1060 1850 1224 1914 senatum
1255 1850 1366 1913 talum

185 1949 348 2043 exceles.”
400 1971 461 2043 Sic
494 1995 517 2042 a
547 1969 670 2066 primis
697 1967 781 2039 inde
809 1965 943 2038 itineris
971 1964 1098 2038 diebus
1132 1987 1365 2060 quoscunque

185 2096 286 2168 domi
328 2095 452 2168 habuit
492 2108 662 2191 potentes
694 2091 830 2164 amicos
863 2089 1029 2187 precibus
1061 2088 1199 2186 fatigat,
1229 2113 1275 2160 ne
1303 2111 1365 2182 pa-

186 2235 351 2294 terentur
391 2219 588 2316 quidquam
624 2217 691 2290 sibi
737 2215 822 2289 addi
864 2214 912 2287 ad
955 2237 1112 2287 annuum
1150 2211 1365 2309 provinciae

186 2360 331 2440 tempus
366 2348 429 2439 3),
460 2343 507 2437 Q.
538 2339 783 2429 Hortensium,
806 2355 843 2412 et
870 2339 935 2412 Cn.
953 2337 1166 2433 Pompeium
1191 2337 1224 2408 in
1239 2336 1366 2408 itinere
1408 2365 1411 2371 ·

187 2469 364 2556 convenit,
394 2483 433 2541 ut
459 2465 586 2540 horum
623 2462 793 2538 auxilium
821 2459 888 2537 sibi
917 2460 1080 2535 conciliet
1110 2464 1176 2557 4),
1210 2456 1364 2532 moleste

185 2596 265 2681 fert,
309 2593 469 2665 Atticum
514 2615 585 2664 non
618 2615 699 2662 esse
732 2589 885 2677 Romae,
918 2613 999 2660 cum
1032 2587 1079 2660 de
1108 2583 1297 2682 provinciis
1329 2583 1364 2655 in

187 2733 315 2791 senatu
348 2732 445 2789 esset
474 2716 657 2811 agendum
692 2716 758 2809 5),
792 2738 838 2784 ne
865 2713 905 2785 iis
939 2712 1095 2809 quidem,
1132 2710 1260 2807 quibus
1294 2732 1367 2781 non

230 3129 253 3195 1)
274 3131 297 3176 Α
307 3146 323 3177 n
333 3137 342 3178 t
352 3129 369 3176 h
381 3143 396 3176 o
407 3143 449 3191 ny
468 3127 511 3174 Tr
522 3141 537 3173 ο
548 3125 557 3172 l
567 3125 576 3172 l
587 3141 630 3189 op
641 3140 668 3184 e,
690 3123 731 3187 qui
750 3122 887 3170 novissime
907 3118 1038 3167 historiam
1059 3117 1186 3165 Ciceronis
1206 3115 1366 3181 conscripsit,

184 3221 269 3269 minus
299 3226 364 3268 recte
392 3225 469 3282 putat,
499 3215 648 3263 Ciceronem
675 3210 884 3260 senatusconsulto
911 3215 1020 3256 coactum
1039 3222 1093 3264 esse,
1116 3206 1186 3254 utin
1206 3205 1363 3270 provinciam

186 3310 276 3358 abiret.
307 3307 377 3374 (Life
405 3306 435 3354 ol
451 3305 549 3363 Cicero,
568 3304 620 3355 vol.
639 3303 673 3355 ΙΙ,
694 3317 737 3366 pg.
757 3298 819 3361 89).
840 3297 878 3346 Ea
898 3295 988 3362 opinio
1009 3296 1076 3355 satis,
1097 3295 1123 3343 ni
1143 3293 1226 3353 fallor,
1245 3293 1366 3342 refutatur

182 3402 254 3448 hisce
280 3398 369 3457 verbis,
405 3413 468 3462 quae
496 3395 585 3444 Cicero
614 3391 712 3457 scripsit
739 3389 772 3438 ad
800 3395 914 3437 senatum
941 3385 986 3448 (ad
1015 3387 1084 3438 Fam,
1110 3384 1166 3434 XV.
1191 3397 1211 3441 1,
1231 3381 1283 3443 4.):
1304 3398 1367 3440 „nos

185 3487 395 3554 quemadmodum
421 3485 554 3533 instructas
578 3490 603 3529 et
621 3480 710 3545 quibus
721 3475 860 3543 praesidiis
884 3474 991 3524 munitos
1013 3473 1049 3520 ad
1066 3471 1133 3520 tanti
1151 3469 1208 3518 belli
1225 3468 1363 3533 opinionem

186 3577 313 3636 miseritis,
331 3592 381 3624 nan
399 3574 455 3622 estis
470 3571 574 3636 agonen:
592 3570 660 3635 qnod
675 3586 717 3633 ego
736 3567 861 3631 iugalium
880 3581 929 3614 non
948 3563 1055 3612 stultitia
1078 3567 1221 3618 occaecatus,
1240 3558 1284 3606 sed
1297 3573 1366 3605 uere-

186 3667 281 3715 cundia
301 3664 435 3714 delerritus
453 3679 471 3710 n
481 3678 497 3710 0
507 3679 524 3709 n
543 3677 554 3708 r
564 3676 578 3708 e
588 3675 601 3708 c
611 3677 628 3708 u
638 3674 649 3708 s
659 3675 674 3707 a
683 3675 699 3706 v
709 3654 742 3707 i’'.
762 3657 893 3704 Praeterea
913 3651 1029 3702 conferas
1049 3649 1124 3700 velim
1144 3648 1177 3697 ad
1187 3648 1257 3699 Fam.
1271 3647 1304 3694 ΙΙ.
1324 3659 1365 3696 12.

188 3769 223 3803 2:
243 3754 354 3812 „nrbem,
373 3751 469 3809 urbem,
491 3749 528 3796 mi
544 3749 626 3814 Rufe„
641 3747 697 3806 cale,
716 3744 784 3793 etin
803 3744 851 3792 ista
871 3741 1018 3790 lucedium:
1041 3738 1120 3788 ononis
1133 3736 1311 3802 peregrinatio
1335 3762 1358 3772 -

187 3845 257 3908 quod
280 3859 322 3906 ego
339 3843 370 3891 ab
388 3838 554 3888 adulescentia
572 3836 684 3885 indicaui
707 3862 730 3872 -
756 3834 859 3882 obscure
879 3840 902 3879 el
920 3829 1022 3879 sordida
1042 3837 1077 3876 est
1094 3828 1132 3887 iis,
1152 3843 1260 3892 qnorum
1280 3821 1365 3874 inclus-

186 3932 240 3981 tria
269 3933 365 3980 Romae
383 3936 466 3993 potest
492 3926 599 3975 illustris
621 3941 677 3977 esse.
705 3922 780 3984 Quod
796 3938 851 3970 enm
863 3919 944 3984 probe
962 3917 1058 3976 scirem,
1078 3916 1220 3965 utinam
1240 3915 1273 3963 in
1294 3927 1366 3964 sen-

186 4021 308 4070 tentia
326 4013 639 4084 permansissem.”

225 4114 251 4174 2)
270 4110 302 4186 ad
321 4111 373 4163 Art,
392 4107 437 4155 VI.
459 4106 483 4154 6.
504 4117 545 4166 3.:
565 4103 655 4161 „Dum
674 4099 816 4164 inntendere
828 4095 1091 4153 Portliuidebantnr,
1102 4094 1364 4158 sterneremsretrem

186 4199 337 4263 relinquere,
365 4204 412 4245 ant
439 4194 515 4243 etiam
543 4191 692 4257 respublicae
719 4204 795 4237 cansa
823 4192 959 4234 contra
987 4181 1364 4232 senatusconsultum

185 4288 238 4354 ipse
256 4302 393 4336 remanere.
415 4284 530 4333 Ceterum
550 4294 690 4344 componas
708 4277 785 4326 velim
803 4275 836 4324 ad
856 4275 926 4326 Fam.
946 4274 980 4326 ll.
1002 4284 1025 4334 7.
1048 4284 1079 4333 14
1090 4290 1096 4331 ;
1117 4271 1174 4330 XV,
1193 4286 1218 4332 4.
1239 4280 1263 4332 5.

224 4377 250 4440 3)
269 4376 307 4429 Cl.
326 4375 359 4425 ad
378 4376 430 4422 Art.
450 4373 481 4422 V.
506 4384 527 4430 r,
550 4388 580 4430 13
602 4383 626 4429 2,
646 4381 680 4432 33
703 4380 742 4428 11,
766 4379 796 4425 13
819 4377 860 4423 11,
881 4373 914 4426 53
938 4374 977 4425 13,
998 4375 1031 4424 33
1055 4375 1094 4422 14,
1118 4374 1147 4419 1;
1171 4369 1209 4421 15,
1234 4355 1365 4416 13'18,r;

186 4481 229 4527 21,
255 4481 285 4526 13
304 4466 349 4516 Vl.
371 4477 395 4515 2.
416 4463 448 4510 ad
467 4462 541 4509 Fam.
560 4461 593 4508 ΙΙ.
615 4470 638 4520 7,
657 4472 693 4518 43
713 4455 738 4515 8,
759 4467 791 4517 33
815 4465 854 4514 10,
874 4467 909 4512 4;
929 4452 985 4500 XV.
1007 4464 1031 4512 9,
1054 4462 1094 4502 12,
1240 4463 1242 4469 ·
1346 4442 1348 4446 ’

223 4557 252 4619 4)
275 4553 313 4607 Cf.
333 4552 365 4601 ad
384 4553 436 4599 Att.
458 4550 489 4602 V.
510 4562 533 4607 2,
556 4561 577 4608 1;
598 4561 623 4609 9,
642 4559 675 4605 23
696 4545 720 4604 6,
744 4556 765 4594 1.
791 4587 794 4592 .

223 4638 592 4707 ommmumn
