3292 5259
858 369 896 426 86

287 554 426 612 menter
446 536 509 610 suit
523 555 730 612 commotus
745 565 826 611 cum
841 538 888 611 de
904 537 1021 634 Syria,
1039 553 1114 609 tum
1129 537 1176 608 de
1190 561 1257 608 sua
1268 534 1462 630 provincia

287 663 334 735 de
361 660 497 761 reliqua
524 663 679 761 denique
705 663 806 751 Asia,
833 678 955 736 tamen
975 660 1022 733 ad
1037 674 1202 733 senatum
1217 658 1298 731 nihil
1313 658 1463 755 scripsit.

287 787 335 860 ad
349 788 450 860 Fam.
468 787 550 860 XV.
571 811 610 880 3:
636 789 950 883 »publicepeoptcr
962 787 1055 859 decas
1069 810 1198 856 causas
1213 783 1462 878 ailcilseeipsi,

287 915 381 1012 quad
399 923 433 987 et
457 915 576 1009 ipsam
606 915 887 1010 Commagenam
913 913 1027 1008 legali
1048 911 1210 984 dicebant
1232 910 1285 982 aa’
1302 917 1466 982 secatam

287 1040 410 1112 statim
435 1040 578 1110 nuntias
604 1039 805 1135 litterasque
831 1038 980 1120 misisse,
1011 1044 1045 1107 et
1059 1036 1310 1107 existimabam
1329 1034 1386 1105 M.
1402 1033 1468 1104 Bi·

288 1159 566 1259 balampracas.,
579 1165 644 1259 qai
653 1164 795 1236 circiter
807 1163 895 1234 ldas
911 1162 1036 1234 Scalil.
1054 1161 1098 1232 ab
1113 1160 1252 1255 Eplccso
1265 1161 1305 1243 ia
1315 1159 1467 1255 Syriam

279 1288 464 1384 praefectus
507 1297 595 1374 erat,
631 1289 726 1384 pand
752 1287 921 1360 secandas
956 1295 1075 1359 ventas
1102 1285 1292 1369 leabmssct,
1323 1285 1397 1354 iam
1426 1283 1469 1354 ia

280 1412 642 1506 mmmmmsmm
657 1412 874 1506 pervenisse,
903 1412 1005 1482 aceias
1029 1410 1159 1482 litteris
1176 1409 1298 1481 amaia
1316 1409 1469 1480 ccrlcara

281 1537 466 1629 perlatam
500 1535 556 1606 iri
582 1536 635 1607 aa'
653 1544 817 1607 scaatam
834 1533 1045 1629 putabam.”
1100 1533 1227 1605 Tertia
1255 1558 1373 1617 causa,
1405 1556 1469 1602 cur

291 1656 371 1729 nihil
399 1656 541 1754 publice
568 1659 726 1746 referret,
755 1658 789 1730 in
817 1685 864 1730 eo
893 1673 971 1731 erat
995 1657 1126 1754 posita,
1157 1656 1254 1755 quod
1274 1671 1385 1742 erant,
1407 1656 1470 1753 qui

290 1782 509 1855 Antiochum
528 1783 819 1880 Commagenum
842 1781 1245 1879 suspectumhaberent,
1264 1785 1296 1877 ι)
1315 1781 1469 1853 fortasse

291 1923 440 2002 propter
480 1906 700 1996 affinitatem,
738 1933 832 2006 quae
868 1909 900 1982 ei
935 1907 1134 1981 intercessit
1160 1933 1240 1979 cum
1269 1931 1357 2002 rege
1386 1907 1469 1978 Par·

292 2031 444 2104 thorum.
480 2036 514 2128 2)
548 2032 696 2105 Etiamsi
714 2034 803 2106 vero
823 2033 933 2104 nuntii
952 2047 1077 2106 auctor
1090 2029 1245 2104 nonnihil
1259 2029 1471 2126 suspicionis

293 2171 467 2244 moveret,
495 2155 542 2228 de
570 2156 678 2252 ipsius
706 2157 816 2228 nuntii
841 2157 993 2230 veritate
1020 2180 1091 2228 non
1120 2171 1198 2229 erat
1216 2155 1468 2243 dubitandum,

182 2297 190 2307 ·
293 2277 424 2350 cotidie
466 2278 541 2351 lere
581 2304 698 2353 novae
740 2279 879 2354 litterae
922 2295 958 2353 et
1000 2280 1082 2352 novi
1111 2281 1220 2353 nuntii
1249 2281 1295 2353 de
1324 2279 1418 2354 bello
1448 2308 1472 2355 a

293 2403 431 2475 Parthis
470 2401 567 2476 illato
595 2403 847 2479 afferebantur.
878 2404 956 2477 lure
985 2405 1092 2502 igitur
1117 2405 1383 2501 exspectaveris
1412 2405 1471 2477 Ci-

293 2551 471 2615 ceronem,
488 2528 548 2624 qui
563 2554 629 2601 suo
642 2528 799 2602 adventu
814 2545 952 2602 tantum
966 2545 1140 2602 terrorem
1155 2529 1293 2601 Parthis
1303 2529 1471 2602 iniectum

294 2677 375 2723 esse
399 2649 582 2747 glorietur,
613 2669 730 2727 castra
757 2654 946 2726 confestim
974 2679 1110 2750 magna
1124 2653 1306 2727 celeritate
1320 2654 1470 2750 propius

294 2776 341 2849 ad
384 2774 528 2849 Ciliciae
569 2775 657 2849 fines
698 2777 924 2867 admovisse3
954 2778 1063 2875 idque
1089 2777 1166 2873 ipse
1191 2777 1287 2850 haud
1316 2779 1470 2850 obscure

293 2900 470 2999 significat
504 2901 537 2972 in
572 2926 690 2974 rerum
720 2918 906 2998 gestarum
934 2902 1171 2990 enarratione,
1203 2928 1310 2999 quam
1340 2916 1471 2998 postea

295 3028 389 3100 misit
429 3027 476 3100 ad
517 3027 653 3101 amicos
685 3025 846 3099 Atticum
874 3041 911 3098 et
937 3026 1126 3100 Catonem.
1157 3027 1205 3099 ad
1233 3027 1309 3098 Att.
1342 3027 1386 3098 V.
1421 3051 1471 3098 20

294 3179 340 3224 cx
358 3152 423 3223 icis
446 3154 576 3224 casteis
607 3151 668 3246 (ad
687 3151 858 3246 leonium)
885 3177 964 3224 eum
977 3178 1112 3249 graves
1125 3153 1166 3226 a¹c
1180 3152 1334 3224 Paelicis
1348 3153 1475 3224 eemctii

294 3276 463 3358 vem'ecal,
480 3276 639 3370 perrexi
651 3277 691 3347 ia
708 3272 909 3347 Ce'liccam.''
924 3275 972 3346 ad
987 3274 1087 3346 Fam.
1106 3275 1187 3348 XV.
1207 3297 1242 3365 4.
1259 3297 1304 3364 4:
1330 3277 1472 3372 »itaque
1580 3327 1585 3335 -

295 3399 487 3471 exercitam
512 3398 607 3470 milei
629 3399 825 3470 ducendam
843 3409 917 3493 per
931 3401 1174 3495 Cappadocem
1187 3402 1364 3497 regenaam
1378 3427 1468 3486 eam,

295 3546 382 3616 qaae
408 3522 574 3593 Ciliceam
600 3522 798 3618 attingeret,
818 3523 984 3616 palaee'.”
1035 3523 1209 3596 Attamen
1237 3524 1472 3597 vehementer

296 3643 481 3732 addubito
509 3670 555 3718 an
582 3645 727 3718 omnino
754 3646 876 3717 statim
902 3673 983 3718 cum
1012 3648 1169 3720 exercitu
1196 3643 1376 3745 profectus
1404 3649 1468 3740 sit3

297 3783 437 3840 constat
464 3766 603 3856 saltem,
634 3794 666 3841 a.
694 3769 729 3842 d.
760 3769 841 3841 Xlll
867 3768 948 3843 Kal.
980 3770 1076 3859 Oct,
1107 3773 1142 3844 id
1171 3789 1226 3845 est
1243 3775 1388 3847 sedecim
1401 3775 1473 3846 elic-

296 3892 361 3962 bas
400 3905 484 3986 post
526 3892 679 3987 primum
708 3895 867 3966 nuntium
895 3912 1093 3992 acceptum,
1124 3923 1207 3969 eum
1232 3923 1304 3970 non
1328 3897 1473 3994 longius

297 4013 515 4108 processisse
542 4041 651 4113 quam
674 4017 722 4090 ad
745 4017 834 4090 fines
853 4018 1060 4113 Lycaoniae
1079 4036 1116 4091 et
1135 4021 1408 4117 Cappadociae,
1429 4007 1483 4120 3)Ι

337 4326 360 4378 1)
379 4323 412 4370 ad
431 4323 501 4372 Fam.
523 4323 579 4371 XV.
602 4336 623 4371 1.
644 4337 667 4375 2.

335 4414 361 4471 2)
378 4411 479 4459 Orodes
497 4410 574 4459 filiam
594 4413 714 4461 Antiochi
732 4415 758 4462 in
768 4415 938 4464 matrimonio
958 4417 1074 4466 habebat.
1096 4419 1134 4466 (ff.
1147 4420 1199 4467 Dio
1209 4421 1303 4468 XLIX.
1317 4434 1358 4483 23.
1371 4423 1474 4486 Postea,

298 4514 354 4546 cum
379 4499 505 4547 Labienus
523 4505 548 4547 et
566 4499 675 4548 Pacorus
694 4501 720 4548 in
738 4501 835 4565 Syriam
854 4512 878 4552 et
897 4505 984 4554 Asiam
1003 4507 1151 4571 irruperunt,
1171 4525 1239 4558 arma
1255 4525 1313 4558 cum
1332 4511 1361 4558 iis
1380 4528 1476 4562 conso-

298 4587 375 4636 cIasse
394 4588 499 4636 videtur.
519 4587 557 4636 Cs.
578 4589 630 4637 Dio
650 4591 773 4642 XLVIII.
793 4606 836 4652 41.

335 4678 361 4738 3)
383 4675 421 4723 Cf.
444 4676 476 4724 ad
496 4677 564 4725 Fam.
586 4678 640 4726 XV.
664 4692 685 4727 1.
708 4691 731 4726 2.
