3292 5259
728 328 764 388 35

212 474 271 547 Sic
305 502 450 572 semper
477 477 785 574 circumspiciens,
814 479 900 576 quid
928 482 1085 555 maxime
1113 509 1229 582 regno
1251 513 1333 584 pro·

158 598 291 687 desset,
323 596 449 672 callide
477 615 514 672 et
542 616 747 674 constanter
774 602 810 674 id
847 603 925 700 egit
948 619 989 676 ut
1006 609 1170 703 quamvis
1188 612 1331 687 nomine

157 723 404 794 Romanorum
430 749 560 797 causae
586 724 749 798 addictus
776 751 907 822 reapse
926 729 1048 807 ⁸armis
1080 732 1277 808 abstineret
1295 752 1333 808 et

158 826 362 918 neutrarum
389 862 486 919 esset
514 847 677 943 partium.
709 849 747 919 In
775 875 848 947 quo
876 849 1024 925 consilio
1046 852 1237 950 diligenter
1254 884 1331 955 per-

157 969 359 1068 severabat,
390 970 506 1042 donec
533 996 628 1044 anno
652 976 700 1042 66
721 972 907 1068 Pompeio,
925 975 985 1071 qui
997 973 1093 1049 bello
1106 979 1332 1072 praedonum

157 1093 268 1166 modo
310 1094 473 1167 conlecto
514 1083 710 1197 etiamtum
729 1095 764 1166 in
790 1092 915 1169 Cilicia
929 1122 1022 1173 ,cum
1049 1099 1200 1195 imperio
1222 1118 1332 1201 atque

156 1218 315 1290 exercitu
350 1219 568 1307 morabatur,
606 1243 628 1290 a
661 1216 799 1313 Populo
840 1220 1019 1293 Romano·
1038 1220 1171 1296 bellum
1197 1225 1332 1301 Mithri·

156 1340 313 1414 daticum
338 1341 549 1414 mandatum
573 1356 639 1415 est.
664 1342 802 1414 Statim
830 1368 944 1416 novus
963 1345 1159 1441 imperator
1180 1349 1332 1425 Parthos

134 1466 191 1545 ‚in
231 1489 377 1537 causam
416 1490 518 1537 suam
559 1470 768 1561 pertrahere
800 1482 961 1556 conatus,
999 1493 1111 1564 agere
1139 1472 1260 1568 coepit
1284 1473 1332 1545 de

156 1587 304 1660 foedere
331 1588 540 1662 renovando
568 1589 694 1662 iisdem
714 1591 989 1681 conditionibus
1010 1594 1138 1690 quibus
1156 1595 1248 1668 inter
1267 1622 1331 1669 eos

155 1737 199 1783 ac
231 1710 417 1784 Lucullum
445 1730 672 1804 convenerat,
709 1716 742 1811 ι)
775 1742 869 1813 quae
893 1742 951 1790 res
979 1714 1126 1791 feliciter
1160 1720 1194 1791 ei
1212 1720 1328 1792 cessit.

156 1836 276 1908 Anxie
304 1837 399 1908 enim
427 1836 598 1910 Phraates
624 1836 757 1911 bellum
785 1839 958 1912 adversus
979 1840 1167 1915 Romanos
1181 1842 1328 1931 vitabat,

156 1985 285 2057 neque,
318 1959 416 2058 quod
451 1958 618 2033 Lucullus
657 1977 765 2035 antea
792 1964 1065 2058 impetraverat,
1095 1965 1131 2037 id
1157 1966 1332 2062 Pompeio

156 2085 272 2181 potuit
307 2084 503 2183 denegare,
547 2086 579 2159 ei
619 2087 831 2181 praesertim
862 2087 951 2175 vir0,
982 2087 1080 2159 cuius
1106 2102 1208 2160 tanta
1234 2074 1332 2161 esset

150 2205 308 2282 'nominis
336 2209 442 2297 fama,
473 2224 573 2283 tanta
600 2209 727 2282 rerum
747 2224 831 2281 ante
849 2224 1035 2306 gestarum
1054 2207 1179 2305 gloria,
1201 2212 1329 2285 utiam
1410 2307 1412 2311 ι

155 2330 253 2404 solus
282 2334 357 2404 eius
383 2332 559 2405 adventus
585 2332 742 2404 animum
769 2331 939 2432 redderet
966 2333 1141 2406 Romanis
1154 2334 1330 2407 etadver·

123 2496 126 2505 ·
155 2456 331 2529 sariorum
357 2456 530 2551 impetum
555 2456 749 2529 cohiberet.
798 2462 799 2465 ’

209 2579 347 2653 Verum
373 2577 469 2652 aliud
493 2594 549 2652 est
568 2604 718 2675 operam
736 2576 906 2675 polliceri,
920 2577 1016 2652 aliud
1030 2605 1114 2653 eam
1128 2598 1324 2678 praestare,

155 2730 221 2776 nec
255 2704 330 2777 scio
360 2727 406 2776 an
447 2718 530 2775 tunc
555 2727 700 2799 quoque
727 2700 896 2774 auxilium
923 2703 1185 2776 detrectaturus
1212 2705 1326 2795 suerit,

154 2828 219 2901 nisi
247 2828 348 2901 brevi
375 2842 460 2924 post
488 2827 614 2900 foedus
643 2826 760 2914 ictum,
791 2852 873 2898 cum
900 2827 1029 2900 dubius
1047 2827 1214 2901 haereret
1228 2830 1328 2927 quid·

154 2976 239 3024 nam
266 2952 332 3023 sibi
352 2966 455 3023 ‘esset
480 2949 691 3037 faciendum,
722 2965 992 3046 peropportune
1020 2949 1172 3023 tumultu
1198 2952 1232 3023 in
1262 2952 1329 3024 Ar-

155 3076 273 3147 menia
301 3089 381 3147 orto
406 3073 453 3146 ad
480 3070 613 3146 bellum
640 3073 905 3167 suscipiendum
930 3089 1029 3146 esset
1048 3086 1250 3169 permotus.

208 3197 388 3293 Tigranes
416 3198 451 3291 2)
480 3196 585 3282 enim,
613 3195 710 3292 regis
737 3196 933 3269 Armeniae
958 3194 1058 3285 filius,
1087 3223 1109 3270 a
1135 3213 1239 3295 patre
1267 3199 1327 3271 de-

152 3322 292 3409 scierat,
325 3321 401 3392 sive
428 3319 683 3415 pertimescens
711 3318 787 3390 eius
811 3316 1077 3408 crudelitatem,
1107 3322 1200 3410 sive,
1228 3322 1327 3418 quod

151 3446 254 3543 regni
301 3443 450 3540 cupidus
483 3440 624 3537 longius
659 3438 755 3512 illum
786 3442 898 3513 vitam
928 3442 1129 3538 producere
1167 3445 1326 3540 graviter

150 3571 290 3642 ferebat
320 3570 382 3663 3)3
411 3567 477 3639 sed
504 3563 601 3638 bello
628 3580 835 3661 superatuS,
864 3562 1037 3638 nonnullis
1063 3592 1084 3639 e
1111 3567 1325 3662 primoribus

151 3671 219 3765 sibi
256 3692 439 3779 adiunctis
475 3689 635 3787 confugit
672 3688 719 3759 ad
746 3688 908 3775 Parthos
939 3715 1031 3786 quos
1056 3690 1122 3761 sibi
1150 3690 1184 3761 in
1208 3716 1324 3787 regno

152 3816 363 3910 occupando
392 3815 601 3887 adiumento
620 3813 696 3885 fore
719 3813 900 3908 sperabat.
931 3812 1102 3885 Phraates
1117 3838 1140 3885 a
1157 3815 1322 3909 precibus

106 3934 111 3943 ’
149 3940 226 4012 eius
245 3962 317 4010 non
337 3934 489 4009 alienum
508 3962 548 4009 se
566 3935 752 4033 praebuit,
782 3934 937 4031 benigne
951 3952 954 3956 ’
968 3934 1165 4031 supplicem
1180 3940 1323 4034 excepit

188 4157 214 4230 1)
233 4160 286 4207 Dio
305 4156 428 4222 XXXVI,
447 4164 490 4217 45.
510 4153 596 4203 Livius
616 4152 643 4201 C.

185 4246 213 4318 2)
232 4248 269 4296 Cf.
290 4246 343 4295 Dio
362 4244 404 4307 36,
431 4254 472 4307 51.
493 4244 560 4307 App.
582 4240 695 4289 Mithrirl.
717 4253 774 4300 104.

184 4335 213 4406 3)
232 4323 286 4385 Iam
314 4334 381 4383 enim
398 4327 488 4396 algebat
507 4346 598 4379 annum
618 4332 831 4394 septuagesimum
850 4329 971 4393 quintum,
991 4331 1061 4395 quod
1080 4330 1209 4393 colligitur
1228 4346 1259 4378 ex
1273 4330 1321 4378 Lu-

146 4429 212 4477 cian.
242 4426 371 4487 Longaev.
403 4431 451 4484 13:
470 4403 627 4486 Τιγράνης,
654 4411 669 4469 ὃ
695 4412 989 4485 Ἆρμενίωνβασιλεύς,
1006 4411 1078 4480 πρὸς
1095 4408 1130 4466 ὃν
1147 4410 1322 4473 Λεύκουλλος

148 4506 314 4579 ἐπολέμησε,
337 4504 421 4562 πέντε
441 4504 486 4561 nul
505 4501 682 4574 ὀγδοήκοντα
703 4496 774 4555 ἐτῶν
792 4496 924 4555 ἐτελεύτα
936 4498 1026 4570 νόσῳ.
1049 4500 1158 4569 (circiter
1176 4516 1269 4548 annum
1288 4500 1321 4559 5⁶

137 4602 205 4651 'ante
224 4601 281 4651 Chr.
301 4597 338 4666 n.)
