3292 5259
866 277 903 333 68

295 447 431 533 videor,
466 445 576 544 longe
601 447 716 535 abest,
753 461 792 518 ut
819 443 981 518 similiter
1006 445 1159 517 iudicem
1186 443 1345 530 demta,
1377 469 1467 542 quae

293 570 389 667 apud
403 571 575 644 lustinirm
590 571 765 644 invenitur
783 595 902 642 rerum
917 585 1103 664 gestarum
1119 567 1356 664 expositione.
1383 567 1484 640 lllul-v

293 711 331 767 ta
345 695 439 767 enim
455 693 636 790 pessimae
650 691 895 790 negligentiae
910 709 1033 766 notam
1049 717 1136 788 prae
1151 717 1191 764 se
1206 691 1330 763 serunt.
1360 690 1468 784 Quod

294 820 340 890 de
381 818 501 914 priore
542 816 638 891 bello
677 815 767 890 civili
800 817 1023 904 Parthorum,
1062 841 1108 888 ne
1145 816 1295 888 verbum
1318 813 1469 912 ¹quidem

294 943 391 1038 apud
420 940 515 1013 illum
540 940 681 1037 legitur,
726 942 760 1013 id
788 941 1029 1013 excusationis
1055 938 1188 1038 aliquid
1216 938 1327 1011 habet
1360 938 1469 1034 epito-

294 1066 441 1137 matoris
466 1065 585 1137 studio
613 1064 811 1152 brevitatis,
842 1065 902 1162 qui
928 1089 1022 1161 quae
1047 1062 1193 1136 levioris
1218 1063 1392 1135 momenti
1407 1061 1470 1134 sibi

278 1213 373 1260 esse
406 1188 580 1276 videntur,
608 1214 676 1260 suo
705 1167 779 1260 iure
811 1188 939 1260 tacitus
966 1188 1241 1284 praetermittit3
1282 1188 1348 1260 sed
1378 1185 1470 1259 nullo

293 1311 404 1384 modo
432 1312 576 1407 probari
601 1327 733 1407 potest,
764 1311 862 1408 quod
883 1311 1009 1382 mirum
1029 1312 1063 1383 in
1083 1311 1231 1383 modum
1251 1312 1472 1408 perturbavit

195 1415 200 1424 ⁴
291 1451 399 1532 atque
438 1435 597 1507 confudit
641 1460 753 1532 quae¹
777 1434 858 1507 loco
887 1461 929 1507 ae
956 1454 1122 1531 tempore
1151 1424 1295 1509 diversa
1322 1452 1406 1508 sunt
1436 1451 1471 1508 et

291 1575 469 1656 separata.
512 1559 673 1632 Phra'atis
696 1557 797 1654 filius,
838 1560 866 1630 si
893 1560 1062 1632 lustinum
1089 1559 1201 1648 audis,
1233 1543 1343 1633 anno
1370 1583 1414 1652 25
1450 1586 1470 1632 a

291 1682 454 1755 Tiridate
479 1683 654 1755 abductus
681 1698 757 1772 est3
800 1698 962 1756 attamen
989 1683 1059 1756 iam
1085 1685 1243 1782 quinque
1269 1687 1370 1758 annis
1390 1702 1470 1758 ante

291 1823 368 1880 erat
407 1807 441 1878 in
479 1822 661 1903 potestate
697 1788 879 1902 Augusti3
915 1809 1005 1880 hanc
1032 1809 1126 1880 enim
1152 1834 1230 1881 rem
1254 1834 1298 1898 ne
1326 1810 1470 1882 omnino

289 1931 503 2029 praeteriret
539 1932 650 2004 vetuit
679 1930 738 2003 filii
766 1931 896 2004 redditi
926 1932 1072 2021 menti0,
1117 1958 1211 2029 quae
1240 1932 1394 2006 subinde
1420 1959 1470 2006 se·

288 2057 425 2153 quitur3
459 2071 499 2128 ut
517 2081 584 2128 suo
603 2042 683 2128 loco
703 2056 1258 2160 commemoraret,·epitomator
1285 2057 1469 2130 brevitatis

289 2180 434 2251 nimium
459 2180 651 2268 studiosus
682 2205 705 2252 a
732 2205 772 2252 se
795 2181 989 2276 impetrare
1004 2206 1076 2253 non
1090 2182 1216 2277 potuit.
1248 2183 1470 2256 Poslbellum

290 2304 544 2376 Cantabricum
572 2303 779 2399 Augustum
808 2306 945 2376 Romae
972 2303 1195 2402 legationem
1224 2306 1389 2379 Phra'atis
1415 2333 1468 2380 ac·

288 2427 437 2522 cepisse,
483 2427 596 2527 iisque
637 2443 763 2499 senatu
809 2442 955 2500 auctore
998 2453 1211 2524 responsum
1257 2431 1467 2518 reddidisse,

288 2576 396 2647 supra
415 2553 486 2624 iam
501 2552 721 2641 monuimus3
741 2552 893 2624 lustinus
911 2578 999 2626 vero
1017 2553 1114 2626 haec
1130 2531 1250 2628 omnia
1266 2556 1299 2627 in
1314 2558 1469 2629 eundem

289 2673 406 2746 locum
435 2693 472 2747 et
500 2675 534 2746 in
562 2676 658 2747 idern
687 2691 830 2772 tempus
859 2677 1006 2766 confert,
1035 2705 1115 2751 curn
1150 2680 1338 2777 Augustus
1353 2682 1469 2753 adhuc

290 2799 324 2869 in
353 2798 528 2895 Hispania
555 2815 768 2872 versaretur.

342 2923 379 2994 ln
425 2919 576 2996 similem
622 2949 782 2996 errorem
828 2924 948 2997 incidit
976 2926 1111 2999 Noster
1138 2929 1206 3000 sub
1233 2927 1340 3002 finem
1378 2930 1464 3032 libri,

214 3087 218 3093 ι
287 3047 347 3119 ubi
384 3047 569 3149 signorum
608 3064 645 3121 et
685 3049 909 3145 captivorum
941 3053 1214 3148 recuperatione
1255 3071 1465 3141 memorata,

287 3171 408 3242 statim
426 3171 617 3267 subiungit,
639 3170 729 3246 filios
749 3200 893 3272 quoque
922 3191 959 3247 et
977 3192 1129 3271 nepotes
1146 3177 1307 3251 Phraatis
1322 3180 1468 3252 obsides

288 3295 460 3390 Augusto
496 3321 577 3367 esse
615 3295 732 3385 datos
772 3321 992 3396 quamquam
1021 3301 1186 3373 undecim
1216 3328 1390 3375 annorum
1423 3303 1468 3374 in·
1545 3355 1550 3366 .

288 3418 474 3492 tervallum
501 3418 642 3515 utrique
670 3419 720 3492 rei
747 3421 989 3495 intercessisse
1018 3441 1168 3497 constat.
1204 3428 1236 3522 1)

343 3543 434 3616 Sunt
475 3543 565 3616 haec
592 3543 679 3616 vitia
705 3543 963 3636 huiuscemodi,
1006 3525 1045 3621 ut
1073 3549 1278 3624 incredibile
1305 3553 1388 3624 mihi
1422 3552 1467 3624 vi·

287 3669 424 3754 deatun
455 3692 501 3739 ea
527 3666 644 3763 Trogi
670 3694 816 3766 quoque
840 3657 994 3744 historiis
1010 3672 1230 3748 adhaesisse.
1273 3675 1379 3749 Solus
1399 3678 1465 3749 lus·

286 3790 379 3863 tinus
407 3788 549 3886 culpam
581 3791 743 3882 sustinet,
774 3793 834 3890 qui
863 3819 908 3867 ne
929 3810 1066 3869 tantam
1081 3797 1466 3896 quidemdiligentiam

286 3915 387 4012 operi
425 3942 491 3989 suo
529 3916 712 4012 impendit,
742 3933 781 3989 ut
817 3934 915 3991 recte
945 3934 982 3992 et
1009 3920 1134 3993 ordine
1164 3921 1384 3996 describeret
1410 3918 1465 3994 vel

287 4054 507 4136 excerperet,
556 4065 650 4138 quae
694 4042 728 4112 in
774 4039 943 4137 exemplo
989 4069 1055 4116 suo
1083 4062 1253 4143 prompta
1280 4063 1317 4120 et
1342 4060 1466 4143 parata

288 4164 456 4237 habebat.
515 4164 564 4236 Ut
592 4190 700 4260 supra
728 4165 799 4238 iam
831 4169 929 4262 (pag.
966 4192 1010 4260 23
1041 4172 1124 4266 sqq)
1157 4169 1362 4267 exemplum
1386 4194 1463 4267 pro·

287 4323 440 4330 --.-—--

328 4427 349 4482 r)
369 4424 513 4471 Mommsen
534 4422 587 4493 (de¹
601 4421 688 4480 Rebus
707 4421 790 4472 Gestis
810 4424 870 4471 Divi
890 4425 1006 4489 Augusti,
1025 4441 1082 4490 pag.
1103 4427 1148 4490 94)
1168 4427 1296 4476 evidenter
1314 4427 1463 4476 demonstra-

287 4512 330 4569 vit,
359 4528 410 4558 non
440 4510 493 4558 fieri
521 4526 606 4574 posse,
635 4519 662 4558 ut
679 4511 752 4559 liberi
773 4510 887 4562 Phraatis
907 4523 964 4562 ante
983 4530 1076 4562 annum
1097 4528 1112 4576 9
1135 4531 1156 4564 a.
1178 4515 1236 4563 Chr.
1255 4532 1279 4563 n.
1300 4517 1408 4563 Romam
1426 4529 1463 4561 vc-

287 4600 377 4648 nerint.
