3292 5259
770 319 805 376 81

248 482 330 555 Hoc
355 508 502 580 quoque
529 481 625 557 bello
653 484 801 558 Cassius
827 530 878 539 -ι
900 485 1044 560 Bibulus
1065 488 1171 576 enim,
1189 489 1248 587 qui
1264 488 1376 563 multa

195 607 229 677 in
270 606 395 678 itinere
431 607 666 702 morabatur,
694 609 854 681 nondum
890 610 924 683 in
952 611 1173 707 provinciam
1201 638 1372 710 pervene-

194 747 250 803 rat
283 733 315 826 1)
358 775 410 787 —-
443 732 584 829 egregii
617 732 844 830 imperatoris
872 736 1036 809 sustinuit
1062 751 1195 833 partes,
1250 737 1373 810 Crassi

194 852 365 952 exemplo
404 856 555 929 edoctus
588 882 695 931 curae
720 858 855 947 habuit,
885 885 932 932 ne
960 861 1084 957 copias
1112 886 1195 934 suas
1224 861 1257 932 in
1285 857 1373 932 locis

193 980 328 1076 apertis
371 980 584 1052 Parthorum
624 980 835 1055 multitudini
878 984 1058 1075 obiceret,
1104 985 1225 1083 itaque
1275 984 1371 1058 omni

193 1105 344 1200 regione
377 1103 471 1177 hosti
503 1105 679 1200 permissa
707 1106 937 1181 Antiochiam
966 1109 1152 1196 concessit,
1183 1109 1218 1180 in
1245 1109 1371 1181 urbem

194 1228 466 1301 munitissimam
508 1242 545 1300 et
585 1229 882 1325 copiosissimam,
926 1231 1041 1327 pr‘obe
1083 1232 1198 1306 sciens
1231 1232 1307 1316 sore
1335 1246 1374 1304 ut

194 1354 327 1441 hosteS,
373 1351 551 1450 siquidem
591 1353 639 1425 ad
681 1355 806 1428 urbem
848 1356 1132 1452 oppugnandam
1169 1355 1369 1444 transirent,

194 1479 322 1551 frustra
359 1482 510 1573 operam
551 1492 589 1549 et
629 1477 723 1551 vires
761 1495 1015 1553 consumerent
1042 1495 1080 1553 et
1107 1478 1197 1552 sacili
1222 1479 1372 1576 negotio

195 1601 429 1690 reicerentur,
469 1626 616 1674 omnem
641 1602 737 1675 enim
764 1618 880 1675 artem
907 1605 1024 1701 magis
1043 1602 1230 1679 'callebant
1262 1630 1371 1703 quam

194 1746 254 1817 τὴν
269 1745 539 1820 nortamanni.
567 1728 697 1825 Neque
717 1753 802 1824 spes
821 1754 905 1800 eum
925 1726 1054 1801 fefellit.
1077 1729 1215 1803 Passim
1235 1745 1371 1803 metum

194 1868 230 1924 et
258 1867 433 1925 terrorem
461 1851 616 1925 ferentes
642 1851 761 1925 Parthi
786 1852 942 1947 primum
966 1877 1032 1947 per
1057 1852 1322 1949 Cyrrhesticam
1337 1854 1371 1925 in

193 1974 280 2048 fines
308 1973 454 2049 Ciliciae
479 1990 517 2048 et
545 1975 803 2071 Cappadociae
831 2001 872 2048 se
900 1991 1120 2065 convertunt,
1143 1977 1226 2050 dein
1246 1971 1371 2051 itinere

193 2115 331 2172 mutato
359 2101 407 2172 ad
435 2098 666 2171 Antiochiam
693 2099 982 2196 progrediuntur.
1028 2101 1112 2173 Hoc
1141 2117 1262 2175 autem
1290 2101 1372 2175 loco

192 2223 325 2295 sistitur
352 2249 478 2296 eorum
504 2224 669 2319 impetus.
698 2223 733 2294 A
763 2223 892 2297 Cassio
920 2224 1042 2298 reiecti
1071 2227 1205 2299 abeunt
1230 2226 1278 2300 ad
1297 2227 1371 2299 An-

192 2348 378 2444 tigoniam,
421 2348 595 2443 oppidum
630 2348 793 2437 vicinum,
831 2374 903 2423 non
929 2349 1004 2422 sine
1032 2376 1109 2445 spe,
1139 2350 1217 2424 fore
1244 2366 1284 2423 ut
1316 2350 1376 2423 hic·

191 2497 250 2544 res
276 2469 401 2543 melius
428 2473 653 2567 procederet.
682 2473 753 2544 Ubi
778 2472 859 2544 hinc
886 2497 1030 2571 quoque
1050 2499 1131 2546 cum
1150 2500 1286 2572 magno
1305 2502 1371 2549 suo

129 2593 133 2614 '
192 2592 289 2668 malo
330 2593 462 2691 repulsi
503 2611 594 2682 sunt,
635 2594 706 2668 alio
739 2589 806 2669 iter
846 2612 1030 2671 vertentes
1059 2599 1205 2672 Cassius
1234 2625 1298 2672 eos
1324 2624 1371 2674 ex

191 2719 325 2791 insidiis
353 2744 552 2815 aggressus
580 2734 636 2791 est
664 2744 909 2818 magnamque
938 2722 1050 2794 edidit
1078 2738 1239 2818 stragem
1255 2758 1277 2812 3-
1293 2724 1371 2820 ipse

190 2846 266 2915 dux
303 2843 442 2916 Osaces
484 2843 621 2916 occisus
660 2861 716 2916 est
749 2860 787 2918 et
814 2845 971 2918 Pacorus
999 2843 1165 2945 reliquias
1193 2848 1371 2920 exercitus

190 2967 296 3040 celeri
329 2967 416 3065 fuga
444 2969 478 3039 in
504 2967 813 3063 Mesopotamiam
829 2969 992 3041 reduxit.
1028 2973 1062 3065 2)
1101 2970 1189 3043 Post
1213 2970 1370 3043 hostium

189 3093 388 3164 discessum
416 3093 563 3165 tandem
591 3090 783 3190 aliquando
811 3089 955 3164 Bibulus
984 3093 1019 3163 m
1044 3093 1264 3189 provinciam
1292 3119 1369 3190 per-

147 3270 149 3272 .
188 3218 298 3305 venit,
329 3219 365 3312 3)
397 3233 435 3288 et
454 3216 642 3312 imperium
670 3215 840 3311 deposuit
867 3215 1023 3302 Cassius
1056 3243 1164 3315 quem
1193 3217 1369 3292 deceden-

227 3389 254 3449 1)
273 3385 299 3434 Si
327 3402 413 3434 verum
434 3392 479 3443 est,
496 3384 566 3449 quod
586 3384 675 3432 Cicero
695 3382 756 3430 dicit
774 3382 819 3439 (ad
838 3381 908 3431 Fam.
929 3383 986 3443 XV,
1005 3383 1034 3444 3)
1054 3384 1173 3433 Bibulum
1192 3385 1289 3432 circiter
1307 3385 1370 3432 Idus

191 3474 259 3522 Sext.
289 3474 322 3522 ab
340 3473 444 3538 Epheso
464 3472 490 3520 in
510 3472 606 3535 Syriam
625 3471 731 3520 navibus
750 3486 804 3519 esse
822 3469 974 3535 profectum,
994 3479 1018 3520 et
1037 3479 1125 3520 ventos
1145 3472 1263 3520 habuisse
1282 3488 1368 3520 secun-

189 3564 247 3621 dos,
266 3564 307 3611 vix
326 3562 497 3627 suspicionem
516 3576 645 3609 removere
664 3575 768 3624 possum
788 3558 819 3607 de
838 3559 961 3608 industria
979 3559 1052 3608 illum
1072 3560 1118 3608 iter
1136 3559 1255 3617 tardasse,
1271 3568 1297 3608 nt
1306 3559 1368 3608 belli

190 3651 297 3699 Parthici
316 3649 429 3715 pericula
446 3648 636 3712 subterfugeret.

227 3737 254 3808 2)
273 3740 311 3788 Cf.
331 3740 383 3786 Dio
404 3738 472 3787 Cass.
492 3737 553 3796 XL,
573 3750 615 3798 29.
634 3737 715 3798 Quod
734 3737 787 3784 Dio
807 3737 854 3784 sub
874 3735 950 3784 finem
969 3728 1042 3784 huius
1061 3737 1150 3801 capitis
1169 3736 1276 3786 affirmat
1291 3738 1368 3786 Paco-

187 3844 244 3876 rum
271 3843 302 3876 ex
330 3843 361 3875 eo
389 3826 450 3874 inde
477 3833 592 3889 tempore
619 3841 671 3872 non
695 3825 804 3889 amplius
823 3825 849 3872 in
868 3824 965 3888 Syriam
985 3825 1112 3885 invasisse,
1132 3826 1159 3873 id
1179 3826 1281 3891 quidem
1300 3843 1369 3876 error

188 3916 334 3964 manifestus
363 3921 408 3974 est,
436 3930 495 3963 nam
517 3922 543 3962 ut
562 3913 684 3971 omittam,
705 3912 775 3995 quod
794 3929 825 3961 ex
845 3913 974 3962 Ciceronis
993 3913 1108 3978 epistolis
1127 3922 1202 3980 patet,
1223 3930 1280 3962 eum
1299 3930 1367 3963 anno

111 4010 114 4015 '
187 4007 306 4070 proximo
334 4005 423 4053 iterum
450 4003 476 4050 in
505 4003 576 4065 Syria
594 4002 712 4059 hlemare,
731 4001 786 4067 ipse
805 4002 857 4048 DIo
877 4001 947 4050 libris
966 4002 1081 4050 XLVIII
1100 4010 1124 4051 et
1143 4003 1231 4050 XLIX
1249 4003 1325 4067 plene
1343 4011 1367 4050 et

128 4129 132 4132 -
188 4093 294 4157 copiose
321 4100 418 4142 enarrat
439 4092 543 4149 bellum,
563 4090 633 4155 quod
652 4090 684 4138 ab
703 4105 771 4137 anno
790 4102 826 4150 40
840 4105 885 4154 per
904 4089 1038 4138 triennium
1057 4107 1072 4139 a
1091 4092 1191 4140 Pacoro·
1208 4091 1234 4139 in
1254 4091 1324 4154 Syria
1344 4096 1367 4138 et

188 4181 250 4229 Asia
267 4189 365 4245 gestum
385 4189 429 4230 est.

226 4273 254 4335 3)
277 4270 329 4318 Dio
347 4270 395 4317 XL
414 4283 464 4332 39:
485 4259 544 4334 ἅμα
561 4261 593 4318 δὲ
612 4257 697 4326 οὗτος
716 4259 741 4317 (ὃ
762 4261 908 4331 Πάκορος)
919 4259 1134 4334 ἆνεκεχωρήκει,
1146 4263 1219 4320 καὶὸ
1232 4269 1366 4338 Βίβουλος

189 4351 282 4421 ἄρξων
298 4355 348 4424 τῆς
365 4357 473 4422 Συρίας
489 4351 619 4422 ἀφίκετο.
640 4358 678 4410 Cf.
694 4358 734 4406 ad.
746 4358 817 4405 Fam.
828 4356 865 4416 Π,
879 4369 910 4405 10
921 4376 927 4406 ι
938 4357 1020 4415 „Cum
1030 4358 1149 4406 venissem
1158 4358 1365 4411 ausinianum...

192 4447 289 4496 Cassius
315 4455 405 4507 noster,
433 4449 502 4511 quod
517 4447 582 4496 miti
598 4463 705 4511 magnae
723 4447 849 4512 voluptati
861 4446 927 4512 fuit,
940 4446 1054 4511 feliciter
1072 4447 1103 4494 ab
1122 4446 1255 4495 Antiochia
1274 4447 1365 4495 hostem
1472 4489 1475 4504 ,

188 4537 314 4584 reiecerat.
342 4537 451 4584 Bibulus
470 4534 634 4600 provinciam
661 4533 813 4599 accepteratss'
851 4536 981 4584 Praeterea
1005 4550 1145 4599 componas
1165 4535 1241 4583 velim
1260 4535 1292 4584 ad
1312 4537 1364 4586 Att.

190 4627 224 4684 V,
241 4638 282 4684 20,
301 4641 335 4686 43
355 4625 387 4673 ad
408 4626 478 4675 Fam.
498 4624 555 4685 XV,
574 4639 599 4684 4,
620 4636 642 4686 7.

1226 4713 1244 4769 6
