<?xml version="1.0" encoding="UTF-8"?>
<!DOCTYPE html PUBLIC "-//W3C//DTD XHTML 1.0 Transitional//EN"
    "http://www.w3.org/TR/xhtml1/DTD/xhtml1-transitional.dtd">
<html xmlns="http://www.w3.org/1999/xhtml" xml:lang="en" lang="en">
 <head>
  <title>
</title>
<meta http-equiv="Content-Type" content="text/html;charset=utf-8" />
  <meta name='ocr-system' content='tesseract 3.04.00' />
  <meta name='ocr-capabilities' content='ocr_page ocr_carea ocr_par ocr_line ocrx_word'/>
</head>
<body>
  <div class='ocr_page' id='page_1' title='image "./quaestionespart00fenngoog_0050.png"; bbox 0 0 3292 5259; ppageno 0'>
   <div class='ocr_carea' id='block_1_1' title="bbox 891 330 929 387">
    <p class='ocr_par' dir='ltr' id='par_1_1' title="bbox 891 330 929 387">
     <span class='ocr_line' id='line_1_1' title="bbox 891 330 929 387; baseline -0.079 0"><span class='ocrx_word' id='word_1_1' title='bbox 891 330 929 387; x_wconf 84' lang='lat'><strong>34</strong></span> 
     </span>
    </p>
   </div>
   <div class='ocr_carea' id='block_1_2' title="bbox 258 478 1520 3676">
    <p class='ocr_par' dir='ltr' id='par_1_2' title="bbox 282 478 1495 1694">
     <span class='ocr_line' id='line_1_2' title="bbox 323 478 1495 581; baseline -0.001 -30"><span class='ocrx_word' id='word_1_2' title='bbox 323 503 393 551; x_wconf 92' lang='lat' dir='ltr'><strong>una</strong></span> <span class='ocrx_word' id='word_1_3' title='bbox 421 504 501 551; x_wconf 89' lang='lat' dir='ltr'><strong>cum</strong></span> <span class='ocrx_word' id='word_1_4' title='bbox 529 479 634 551; x_wconf 89' lang='lat' dir='ltr'><strong>sociis</strong></span> <span class='ocrx_word' id='word_1_5' title='bbox 663 478 919 553; x_wconf 84' lang='lat' dir='ltr'>Armeniorum</span> <span class='ocrx_word' id='word_1_6' title='bbox 940 479 1129 576; x_wconf 88' lang='lat' dir='ltr'><strong>imperium</strong></span> <span class='ocrx_word' id='word_1_7' title='bbox 1143 479 1393 581; x_wconf 71' lang='lat' dir='ltr'><strong>subverteret,</strong></span> <span class='ocrx_word' id='word_1_8' title='bbox 1413 503 1495 551; x_wconf 91' lang='lat' dir='ltr'><strong>nam</strong></span> 
     </span>
     <span class='ocr_line' id='line_1_3' title="bbox 282 601 1494 700; baseline -0.002 -24"><span class='ocrx_word' id='word_1_9' title='bbox 282 630 286 637; x_wconf 93' lang='lat'>·</span> <span class='ocrx_word' id='word_1_10' title='bbox 323 602 460 700; x_wconf 90' lang='lat' dir='ltr'><strong>optime</strong></span> <span class='ocrx_word' id='word_1_11' title='bbox 488 601 670 691; x_wconf 81' lang='lat' dir='ltr'><strong>intellexit,</strong></span> <span class='ocrx_word' id='word_1_12' title='bbox 700 601 747 675; x_wconf 92' lang='lat' dir='ltr'><strong>nil</strong></span> <span class='ocrx_word' id='word_1_13' title='bbox 775 604 893 699; x_wconf 78' lang='lat' dir='ltr'><strong>magis</strong></span> <span class='ocrx_word' id='word_1_14' title='bbox 920 627 1003 676; x_wconf 90' lang='lat' dir='ltr'><strong>esse</strong></span> <span class='ocrx_word' id='word_1_15' title='bbox 1030 628 1052 675; x_wconf 93' lang='lat' dir='ltr'><strong>e</strong></span> <span class='ocrx_word' id='word_1_16' title='bbox 1079 627 1118 675; x_wconf 87' lang='lat' dir='ltr'><strong>re</strong></span> <span class='ocrx_word' id='word_1_17' title='bbox 1145 628 1212 675; x_wconf 90' lang='lat' dir='ltr'><strong>sua</strong></span> <span class='ocrx_word' id='word_1_18' title='bbox 1230 627 1339 699; x_wconf 90' lang='lat' dir='ltr'><strong>quam</strong></span> <span class='ocrx_word' id='word_1_19' title='bbox 1357 618 1397 673; x_wconf 94' lang='lat' dir='ltr'><strong>ut</strong></span> <span class='ocrx_word' id='word_1_20' title='bbox 1414 601 1494 673; x_wconf 91' lang='lat' dir='ltr'><strong>utri·</strong></span> 
     </span>
     <span class='ocr_line' id='line_1_4' title="bbox 321 725 1492 825; baseline -0.003 -24"><span class='ocrx_word' id='word_1_21' title='bbox 321 754 392 825; x_wconf 92' lang='lat' dir='ltr'><strong>que</strong></span> <span class='ocrx_word' id='word_1_22' title='bbox 420 728 587 801; x_wconf 89' lang='lat' dir='ltr'><strong>diuturno</strong></span> <span class='ocrx_word' id='word_1_23' title='bbox 611 725 708 801; x_wconf 89' lang='lat' dir='ltr'><strong>bello</strong></span> <span class='ocrx_word' id='word_1_24' title='bbox 736 753 821 801; x_wconf 89' lang='lat' dir='ltr'><strong>suas</strong></span> <span class='ocrx_word' id='word_1_25' title='bbox 849 728 942 800; x_wconf 90' lang='lat' dir='ltr'><strong>inter</strong></span> <span class='ocrx_word' id='word_1_26' title='bbox 967 753 1009 800; x_wconf 91' lang='lat' dir='ltr'><strong>se</strong></span> <span class='ocrx_word' id='word_1_27' title='bbox 1035 726 1131 799; x_wconf 86' lang='lat' dir='ltr'><strong>vires</strong></span> <span class='ocrx_word' id='word_1_28' title='bbox 1151 726 1351 799; x_wconf 90' lang='lat' dir='ltr'><strong>minuerent</strong></span> <span class='ocrx_word' id='word_1_29' title='bbox 1364 741 1492 798; x_wconf 89' lang='lat' dir='ltr'><strong>etcon-</strong></span> 
     </span>
     <span class='ocr_line' id='line_1_5' title="bbox 320 840 1493 948; baseline -0.001 -23"><span class='ocrx_word' id='word_1_30' title='bbox 320 868 488 942; x_wconf 85' lang='lat' dir='ltr'><strong>tererent,</strong></span> <span class='ocrx_word' id='word_1_31' title='bbox 520 868 654 941; x_wconf 91' lang='lat' dir='ltr'><strong>contra,</strong></span> <span class='ocrx_word' id='word_1_32' title='bbox 684 853 713 925; x_wconf 93' lang='lat' dir='ltr'><strong>si</strong></span> <span class='ocrx_word' id='word_1_33' title='bbox 734 840 923 926; x_wconf 84' lang='lat' dir='ltr'><strong>Romanos</strong></span> <span class='ocrx_word' id='word_1_34' title='bbox 936 853 1009 925; x_wconf 90' lang='lat' dir='ltr'><strong>suis</strong></span> <span class='ocrx_word' id='word_1_35' title='bbox 1023 852 1152 948; x_wconf 91' lang='lat' dir='ltr'><strong>opibus</strong></span> <span class='ocrx_word' id='word_1_36' title='bbox 1168 851 1373 939; x_wconf 88' lang='lat' dir='ltr'><strong>adiuvisset,</strong></span> <span class='ocrx_word' id='word_1_37' title='bbox 1395 875 1493 946; x_wconf 83' lang='lat' dir='ltr'><strong>mag·</strong></span> 
     </span>
     <span class='ocr_line' id='line_1_6' title="bbox 322 970 1492 1075; baseline -0.004 -27"><span class='ocrx_word' id='word_1_38' title='bbox 322 1001 407 1049; x_wconf 92' lang='lat' dir='ltr'><strong>num</strong></span> <span class='ocrx_word' id='word_1_39' title='bbox 443 976 520 1050; x_wconf 87' lang='lat' dir='ltr'><strong>sore</strong></span> <span class='ocrx_word' id='word_1_40' title='bbox 557 974 763 1073; x_wconf 88' lang='lat' dir='ltr'><strong>periculum,</strong></span> <span class='ocrx_word' id='word_1_41' title='bbox 793 1000 838 1049; x_wconf 93' lang='lat' dir='ltr'><strong>ne</strong></span> <span class='ocrx_word' id='word_1_42' title='bbox 851 974 910 1048; x_wconf 88' lang='lat' dir='ltr'><strong>.illi</strong></span> <span class='ocrx_word' id='word_1_43' title='bbox 938 974 1142 1075; x_wconf 89' lang='lat' dir='ltr'><strong>aliquand0,</strong></span> <span class='ocrx_word' id='word_1_44' title='bbox 1177 974 1352 1047; x_wconf 87' lang='lat' dir='ltr'><strong>Armenia</strong></span> <span class='ocrx_word' id='word_1_45' title='bbox 1382 970 1492 1046; x_wconf 91' lang='lat' dir='ltr'><strong>semel</strong></span> 
     </span>
     <span class='ocr_line' id='line_1_7' title="bbox 321 1096 1493 1197; baseline -0.002 -26"><span class='ocrx_word' id='word_1_46' title='bbox 321 1099 480 1189; x_wconf 90' lang='lat' dir='ltr'><strong>subacta,</strong></span> <span class='ocrx_word' id='word_1_47' title='bbox 509 1125 611 1173; x_wconf 88' lang='lat' dir='ltr'><strong>arma</strong></span> <span class='ocrx_word' id='word_1_48' title='bbox 636 1101 671 1173; x_wconf 93' lang='lat' dir='ltr'><strong>in</strong></span> <span class='ocrx_word' id='word_1_49' title='bbox 707 1100 806 1197; x_wconf 91' lang='lat' dir='ltr'><strong>ipsos</strong></span> <span class='ocrx_word' id='word_1_50' title='bbox 834 1098 1018 1173; x_wconf 89' lang='lat' dir='ltr'><strong>adiutores</strong></span> <span class='ocrx_word' id='word_1_51' title='bbox 1037 1112 1298 1172; x_wconf 82' lang='lat' dir='ltr'><strong>converterent.</strong></span> <span class='ocrx_word' id='word_1_52' title='bbox 1328 1097 1391 1175; x_wconf 89' lang='lat' dir='ltr'><strong>Ad</strong></span> <span class='ocrx_word' id='word_1_53' title='bbox 1404 1096 1493 1169; x_wconf 91' lang='lat' dir='ltr'><strong>hanc</strong></span> 
     </span>
     <span class='ocr_line' id='line_1_8' title="bbox 321 1219 1493 1318; baseline -0.003 -23"><span class='ocrx_word' id='word_1_54' title='bbox 321 1219 478 1298; x_wconf 86' lang='lat' dir='ltr'><strong>utilitatis</strong></span> <span class='ocrx_word' id='word_1_55' title='bbox 515 1225 693 1298; x_wconf 90' lang='lat' dir='ltr'><strong>rationem</strong></span> <span class='ocrx_word' id='word_1_56' title='bbox 728 1224 851 1297; x_wconf 89' lang='lat' dir='ltr'><strong>omnia</strong></span> <span class='ocrx_word' id='word_1_57' title='bbox 882 1222 1029 1296; x_wconf 87' lang='lat' dir='ltr'><strong>consilia</strong></span> <span class='ocrx_word' id='word_1_58' title='bbox 1067 1223 1230 1318; x_wconf 86' lang='lat' dir='ltr'><strong>exigens,</strong></span> <span class='ocrx_word' id='word_1_59' title='bbox 1265 1220 1416 1294; x_wconf 87' lang='lat' dir='ltr'><strong>accessit</strong></span> <span class='ocrx_word' id='word_1_60' title='bbox 1446 1220 1493 1293; x_wconf 88' lang='lat' dir='ltr'><strong>ad</strong></span> 
     </span>
     <span class='ocr_line' id='line_1_9' title="bbox 320 1336 1492 1445; baseline -0.002 -26"><span class='ocrx_word' id='word_1_61' title='bbox 320 1348 569 1421; x_wconf 89' lang='lat' dir='ltr'><strong>Romanorum</strong></span> <span class='ocrx_word' id='word_1_62' title='bbox 603 1373 759 1437; x_wconf 87' lang='lat' dir='ltr'><strong>causam,</strong></span> <span class='ocrx_word' id='word_1_63' title='bbox 789 1362 917 1445; x_wconf 86' lang='lat' dir='ltr'><strong>utpote</strong></span> <span class='ocrx_word' id='word_1_64' title='bbox 945 1348 981 1421; x_wconf 91' lang='lat' dir='ltr'><strong>id</strong></span> <span class='ocrx_word' id='word_1_65' title='bbox 1006 1342 1180 1443; x_wconf 89' lang='lat' dir='ltr'><strong>temporis</strong></span> <span class='ocrx_word' id='word_1_66' title='bbox 1204 1344 1315 1442; x_wconf 83' lang='lat' dir='ltr'><strong>longe</strong></span> <span class='ocrx_word' id='word_1_67' title='bbox 1346 1336 1492 1442; x_wconf 85' lang='lat' dir='ltr'><strong>praeva-</strong></span> 
     </span>
     <span class='ocr_line' id='line_1_10' title="bbox 320 1468 1492 1565; baseline -0.001 -23"><span class='ocrx_word' id='word_1_68' title='bbox 320 1468 464 1560; x_wconf 89' lang='lat' dir='ltr'><strong>lentem,</strong></span> <span class='ocrx_word' id='word_1_69' title='bbox 499 1472 551 1544; x_wconf 92' lang='lat' dir='ltr'><strong>sic</strong></span> <span class='ocrx_word' id='word_1_70' title='bbox 584 1487 716 1561; x_wconf 84' lang='lat' dir='ltr'><strong>tamen,</strong></span> <span class='ocrx_word' id='word_1_71' title='bbox 758 1487 797 1544; x_wconf 92' lang='lat' dir='ltr'><strong>ut</strong></span> <span class='ocrx_word' id='word_1_72' title='bbox 829 1470 933 1544; x_wconf 88' lang='lat' dir='ltr'><strong>simul</strong></span> <span class='ocrx_word' id='word_1_73' title='bbox 967 1470 1096 1545; x_wconf 90' lang='lat' dir='ltr'><strong>sedulo</strong></span> <span class='ocrx_word' id='word_1_74' title='bbox 1128 1485 1283 1561; x_wconf 88' lang='lat' dir='ltr'><strong>caveret,</strong></span> <span class='ocrx_word' id='word_1_75' title='bbox 1313 1496 1360 1544; x_wconf 89' lang='lat' dir='ltr'><strong>ne</strong></span> <span class='ocrx_word' id='word_1_76' title='bbox 1385 1494 1492 1565; x_wconf 90' lang='lat' dir='ltr'><strong>opem</strong></span> 
     </span>
     <span class='ocr_line' id='line_1_11' title="bbox 321 1595 1291 1694; baseline -0.001 -27"><span class='ocrx_word' id='word_1_77' title='bbox 321 1595 470 1669; x_wconf 79' lang='lat' dir='ltr'><strong>ferendo</strong></span> <span class='ocrx_word' id='word_1_78' title='bbox 496 1595 643 1668; x_wconf 91' lang='lat' dir='ltr'><strong>nimium</strong></span> <span class='ocrx_word' id='word_1_79' title='bbox 671 1613 824 1694; x_wconf 84' lang='lat' dir='ltr'><strong>augeret</strong></span> <span class='ocrx_word' id='word_1_80' title='bbox 860 1614 986 1669; x_wconf 88' lang='lat' dir='ltr'><strong>eorum</strong></span> <span class='ocrx_word' id='word_1_81' title='bbox 1013 1596 1223 1693; x_wconf 90' lang='lat' dir='ltr'><strong>potentiam</strong></span> <span class='ocrx_word' id='word_1_82' title='bbox 1257 1597 1291 1690; x_wconf 90' lang='lat'><strong>1)</strong></span> 
     </span>
    </p>

    <p class='ocr_par' dir='ltr' id='par_1_3' title="bbox 258 1718 1520 2684">
     <span class='ocr_line' id='line_1_12' title="bbox 375 1718 1489 1817; baseline -0.003 -26"><span class='ocrx_word' id='word_1_83' title='bbox 375 1720 451 1792; x_wconf 84' lang='lat' dir='ltr'><strong>Iam</strong></span> <span class='ocrx_word' id='word_1_84' title='bbox 475 1746 521 1793; x_wconf 91' lang='lat' dir='ltr'><strong>ex</strong></span> <span class='ocrx_word' id='word_1_85' title='bbox 550 1720 601 1809; x_wconf 86' lang='lat' dir='ltr'><strong>iis,</strong></span> <span class='ocrx_word' id='word_1_86' title='bbox 632 1746 727 1817; x_wconf 91' lang='lat' dir='ltr'><strong>quae</strong></span> <span class='ocrx_word' id='word_1_87' title='bbox 752 1736 877 1793; x_wconf 88' lang='lat' dir='ltr'><strong>secuta</strong></span> <span class='ocrx_word' id='word_1_88' title='bbox 902 1736 996 1808; x_wconf 90' lang='lat' dir='ltr'><strong>sunt,</strong></span> <span class='ocrx_word' id='word_1_89' title='bbox 1024 1718 1140 1792; x_wconf 92' lang='lat' dir='ltr'><strong>lucide</strong></span> <span class='ocrx_word' id='word_1_90' title='bbox 1160 1734 1323 1815; x_wconf 88' lang='lat' dir='ltr'><strong>apparet,</strong></span> <span class='ocrx_word' id='word_1_91' title='bbox 1341 1718 1489 1791; x_wconf 88' lang='lat' dir='ltr'><strong>necessi-</strong></span> 
     </span>
     <span class='ocr_line' id='line_1_13' title="bbox 320 1842 1520 1940; baseline -0.001 -25"><span class='ocrx_word' id='word_1_92' title='bbox 320 1857 396 1916; x_wconf 86' lang='lat' dir='ltr'><strong>tate</strong></span> <span class='ocrx_word' id='word_1_93' title='bbox 424 1842 648 1940; x_wconf 90' lang='lat' dir='ltr'><strong>compulsum</strong></span> <span class='ocrx_word' id='word_1_94' title='bbox 677 1842 772 1916; x_wconf 94' lang='lat' dir='ltr'><strong>illum</strong></span> <span class='ocrx_word' id='word_1_95' title='bbox 798 1844 973 1917; x_wconf 90' lang='lat' dir='ltr'><strong>Romanis</strong></span> <span class='ocrx_word' id='word_1_96' title='bbox 1000 1845 1108 1917; x_wconf 88' lang='lat' dir='ltr'><strong>rebus</strong></span> <span class='ocrx_word' id='word_1_97' title='bbox 1122 1844 1157 1915; x_wconf 94' lang='lat' dir='ltr'><strong>in</strong></span> <span class='ocrx_word' id='word_1_98' title='bbox 1174 1858 1335 1940; x_wconf 81' lang='lat' dir='ltr'><strong>spectem</strong></span> <span class='ocrx_word' id='word_1_99' title='bbox 1348 1842 1520 1939; x_wconf 87' lang='lat' dir='ltr'><strong>quidem</strong></span> 
     </span>
     <span class='ocr_line' id='line_1_14' title="bbox 320 1963 1488 2065; baseline -0.002 -27"><span class='ocrx_word' id='word_1_100' title='bbox 320 1967 470 2047; x_wconf 86' lang='lat' dir='ltr'><strong>favisse.¹</strong></span> <span class='ocrx_word' id='word_1_101' title='bbox 489 1967 637 2041; x_wconf 84' lang='lat' dir='ltr'><strong>Biennio</strong></span> <span class='ocrx_word' id='word_1_102' title='bbox 665 1969 739 2041; x_wconf 85' lang='lat' dir='ltr'><strong>fere</strong></span> <span class='ocrx_word' id='word_1_103' title='bbox 767 1984 852 2065; x_wconf 88' lang='lat' dir='ltr'><strong>post</strong></span> <span class='ocrx_word' id='word_1_104' title='bbox 875 1969 999 2041; x_wconf 88' lang='lat' dir='ltr'><strong>initam</strong></span> <span class='ocrx_word' id='word_1_105' title='bbox 1016 1968 1229 2041; x_wconf 89' lang='lat' dir='ltr'><strong>societatem</strong></span> <span class='ocrx_word' id='word_1_106' title='bbox 1243 1968 1385 2041; x_wconf 81' lang='lat' dir='ltr'><strong>fortuna</strong></span> <span class='ocrx_word' id='word_1_107' title='bbox 1397 1963 1488 2052; x_wconf 89' lang='lat' dir='ltr'><strong>belli,</strong></span> 
     </span>
     <span class='ocr_line' id='line_1_15' title="bbox 321 2089 1492 2187; baseline 0 -26"><span class='ocrx_word' id='word_1_108' title='bbox 321 2110 415 2187; x_wconf 87' lang='lat' dir='ltr'><strong>quae</strong></span> <span class='ocrx_word' id='word_1_109' title='bbox 443 2105 544 2164; x_wconf 90' lang='lat' dir='ltr'><strong>tanto</strong></span> <span class='ocrx_word' id='word_1_110' title='bbox 572 2089 684 2187; x_wconf 87' lang='lat' dir='ltr'><strong>opere</strong></span> <span class='ocrx_word' id='word_1_111' title='bbox 712 2092 851 2165; x_wconf 83' lang='lat' dir='ltr'><strong>faverat</strong></span> <span class='ocrx_word' id='word_1_112' title='bbox 877 2092 986 2165; x_wconf 89' lang='lat' dir='ltr'><strong>armis</strong></span> <span class='ocrx_word' id='word_1_113' title='bbox 1013 2092 1198 2181; x_wconf 90' lang='lat' dir='ltr'><strong>Romanis,</strong></span> <span class='ocrx_word' id='word_1_114' title='bbox 1226 2116 1373 2187; x_wconf 89' lang='lat' dir='ltr'><strong>prorsus</strong></span> <span class='ocrx_word' id='word_1_115' title='bbox 1392 2116 1431 2162; x_wconf 92' lang='lat' dir='ltr'><strong>se</strong></span> <span class='ocrx_word' id='word_1_116' title='bbox 1445 2089 1492 2161; x_wconf 91' lang='lat' dir='ltr'><strong>ad</strong></span> 
     </span>
     <span class='ocr_line' id='line_1_16' title="bbox 321 2211 1489 2311; baseline -0.003 -24"><span class='ocrx_word' id='word_1_117' title='bbox 321 2214 608 2287; x_wconf 87' lang='lat' dir='ltr'><strong>adversariorum</strong></span> <span class='ocrx_word' id='word_1_118' title='bbox 635 2231 777 2311; x_wconf 90' lang='lat' dir='ltr'><strong>partem</strong></span> <span class='ocrx_word' id='word_1_119' title='bbox 804 2213 991 2289; x_wconf 90' lang='lat' dir='ltr'><strong>inclinavit.</strong></span> <span class='ocrx_word' id='word_1_120' title='bbox 1050 2216 1149 2288; x_wconf 91' lang='lat' dir='ltr'><strong>Dum</strong></span> <span class='ocrx_word' id='word_1_121' title='bbox 1177 2215 1272 2288; x_wconf 89' lang='lat' dir='ltr'><strong>enim</strong></span> <span class='ocrx_word' id='word_1_122' title='bbox 1290 2211 1489 2300; x_wconf 78' lang='lat' dir='ltr'>Lucullum,</span> 
     </span>
     <span class='ocr_line' id='line_1_17' title="bbox 321 2338 1493 2436; baseline 0.001 -27"><span class='ocrx_word' id='word_1_123' title='bbox 321 2338 446 2428; x_wconf 80' lang='lat' dir='ltr'><strong>Nisibi,</strong></span> <span class='ocrx_word' id='word_1_124' title='bbox 482 2338 613 2436; x_wconf 86' lang='lat' dir='ltr'><strong>inclyta</strong></span> <span class='ocrx_word' id='word_1_125' title='bbox 648 2341 683 2412; x_wconf 93' lang='lat' dir='ltr'><strong>in</strong></span> <span class='ocrx_word' id='word_1_126' title='bbox 710 2341 798 2414; x_wconf 91' lang='lat' dir='ltr'><strong>urbe</strong></span> <span class='ocrx_word' id='word_1_127' title='bbox 827 2339 1127 2436; x_wconf 79' lang='lat' dir='ltr'><strong>Mesopotamiae,</strong></span> <span class='ocrx_word' id='word_1_128' title='bbox 1154 2339 1386 2426; x_wconf 79' lang='lat' dir='ltr'><strong>hiemantem,</strong></span> <span class='ocrx_word' id='word_1_129' title='bbox 1413 2362 1493 2435; x_wconf 86' lang='lat' dir='ltr'><strong>gra-</strong></span> 
     </span>
     <span class='ocr_line' id='line_1_18' title="bbox 267 2462 1492 2561; baseline 0.001 -28"><span class='ocrx_word' id='word_1_130' title='bbox 267 2504 271 2510; x_wconf 96' lang='lat'>·</span> <span class='ocrx_word' id='word_1_131' title='bbox 319 2462 397 2534; x_wconf 92' lang='lat' dir='ltr'><strong>vior</strong></span> <span class='ocrx_word' id='word_1_132' title='bbox 425 2488 518 2561; x_wconf 91' lang='lat' dir='ltr'><strong>quae</strong></span> <span class='ocrx_word' id='word_1_133' title='bbox 547 2480 732 2537; x_wconf 84' lang='lat' dir='ltr'><strong>exarserat</strong></span> <span class='ocrx_word' id='word_1_134' title='bbox 760 2462 911 2536; x_wconf 89' lang='lat' dir='ltr'><strong>militum</strong></span> <span class='ocrx_word' id='word_1_135' title='bbox 936 2463 1067 2537; x_wconf 91' lang='lat' dir='ltr'><strong>seditio</strong></span> <span class='ocrx_word' id='word_1_136' title='bbox 1093 2489 1140 2536; x_wconf 91' lang='lat' dir='ltr'><strong>ne</strong></span> <span class='ocrx_word' id='word_1_137' title='bbox 1167 2462 1260 2535; x_wconf 91' lang='lat' dir='ltr'><strong>hosti</strong></span> <span class='ocrx_word' id='word_1_138' title='bbox 1278 2488 1319 2535; x_wconf 88' lang='lat' dir='ltr'><strong>se</strong></span> <span class='ocrx_word' id='word_1_139' title='bbox 1335 2486 1492 2558; x_wconf 74' lang='lat' dir='ltr'><strong>oppone</strong></span> 
     </span>
     <span class='ocr_line' id='line_1_19' title="bbox 258 2586 1494 2684; baseline 0 -29"><span class='ocrx_word' id='word_1_140' title='bbox 258 2625 264 2671; x_wconf 73' lang='lat'><em>3</em></span> <span class='ocrx_word' id='word_1_141' title='bbox 320 2601 376 2658; x_wconf 87' lang='lat' dir='ltr'><strong>ret</strong></span> <span class='ocrx_word' id='word_1_142' title='bbox 407 2586 601 2682; x_wconf 89' lang='lat' dir='ltr'><strong>impedivit,</strong></span> <span class='ocrx_word' id='word_1_143' title='bbox 632 2587 860 2660; x_wconf 86' lang='lat' dir='ltr'><strong>Mithridates</strong></span> <span class='ocrx_word' id='word_1_144' title='bbox 887 2588 923 2659; x_wconf 93' lang='lat' dir='ltr'><strong>in</strong></span> <span class='ocrx_word' id='word_1_145' title='bbox 947 2589 1100 2660; x_wconf 93' lang='lat' dir='ltr'><strong>Pontum</strong></span> <span class='ocrx_word' id='word_1_146' title='bbox 1126 2588 1324 2684; x_wconf 89' lang='lat' dir='ltr'><strong>irrumpens</strong></span> <span class='ocrx_word' id='word_1_147' title='bbox 1351 2600 1494 2682; x_wconf 88' lang='lat' dir='ltr'><strong>praeter</strong></span> 
     </span>
    </p>

    <p class='ocr_par' dir='ltr' id='par_1_4' title="bbox 291 2710 1494 3676">
     <span class='ocr_line' id='line_1_20' title="bbox 291 2710 1492 2808; baseline 0.001 -28"><span class='ocrx_word' id='word_1_148' title='bbox 291 2750 292 2753; x_wconf 18' lang='grc' dir='ltr'>π</span> <span class='ocrx_word' id='word_1_149' title='bbox 320 2710 629 2803; x_wconf 87' lang='lat' dir='ltr'><strong>exspectationem</strong></span> <span class='ocrx_word' id='word_1_150' title='bbox 656 2711 788 2784; x_wconf 86' lang='lat' dir='ltr'><strong>damna</strong></span> <span class='ocrx_word' id='word_1_151' title='bbox 814 2726 965 2808; x_wconf 91' lang='lat' dir='ltr'><strong>accepta</strong></span> <span class='ocrx_word' id='word_1_152' title='bbox 992 2711 1124 2799; x_wconf 81' lang='lat' dir='ltr'><strong>refecit,</strong></span> <span class='ocrx_word' id='word_1_153' title='bbox 1153 2736 1195 2783; x_wconf 88' lang='lat' dir='ltr'><strong>ac</strong></span> <span class='ocrx_word' id='word_1_154' title='bbox 1223 2736 1319 2798; x_wconf 93' lang='lat' dir='ltr'><strong>mox,</strong></span> <span class='ocrx_word' id='word_1_155' title='bbox 1339 2710 1380 2783; x_wconf 89' lang='lat' dir='ltr'><strong>C.</strong></span> <span class='ocrx_word' id='word_1_156' title='bbox 1392 2710 1492 2782; x_wconf 89' lang='lat' dir='ltr'><strong>Tria-</strong></span> 
     </span>
     <span class='ocr_line' id='line_1_21' title="bbox 319 2829 1488 2935; baseline 0.002 -33"><span class='ocrx_word' id='word_1_157' title='bbox 319 2830 372 2903; x_wconf 91' lang='lat' dir='ltr'><strong>rio</strong></span> <span class='ocrx_word' id='word_1_158' title='bbox 399 2829 524 2928; x_wconf 83' lang='lat' dir='ltr'><strong>legato</strong></span> <span class='ocrx_word' id='word_1_159' title='bbox 550 2848 650 2906; x_wconf 86' lang='lat' dir='ltr'><strong>tanta</strong></span> <span class='ocrx_word' id='word_1_160' title='bbox 676 2832 778 2906; x_wconf 90' lang='lat' dir='ltr'><strong>clade</strong></span> <span class='ocrx_word' id='word_1_161' title='bbox 807 2834 939 2935; x_wconf 84' lang='lat' dir='ltr'><strong>affecto</strong></span> <span class='ocrx_word' id='word_1_162' title='bbox 971 2851 1031 2907; x_wconf 81' lang='lat' dir='ltr'><strong>»ut</strong></span> <span class='ocrx_word' id='word_1_163' title='bbox 1056 2860 1139 2908; x_wconf 89' lang='lat' dir='ltr'><strong>eam</strong></span> <span class='ocrx_word' id='word_1_164' title='bbox 1157 2834 1205 2907; x_wconf 89' lang='lat' dir='ltr'><strong>ad</strong></span> <span class='ocrx_word' id='word_1_165' title='bbox 1220 2858 1325 2906; x_wconf 90' lang='lat' dir='ltr'><strong>aures</strong></span> <span class='ocrx_word' id='word_1_166' title='bbox 1344 2834 1488 2929; x_wconf 86' lang='lat' dir='ltr'><strong>impera·</strong></span> 
     </span>
     <span class='ocr_line' id='line_1_22' title="bbox 319 2955 1490 3054; baseline 0.002 -28"><span class='ocrx_word' id='word_1_167' title='bbox 319 2955 406 3028; x_wconf 87' lang='lat' dir='ltr'><strong>toris</strong></span> <span class='ocrx_word' id='word_1_168' title='bbox 441 2982 513 3029; x_wconf 95' lang='lat' dir='ltr'><strong>non</strong></span> <span class='ocrx_word' id='word_1_169' title='bbox 548 2983 594 3031; x_wconf 90' lang='lat' dir='ltr'><strong>ex</strong></span> <span class='ocrx_word' id='word_1_170' title='bbox 628 2956 767 3054; x_wconf 87' lang='lat' dir='ltr'><strong>proelio</strong></span> <span class='ocrx_word' id='word_1_171' title='bbox 797 2959 948 3048; x_wconf 90' lang='lat' dir='ltr'><strong>nuntius,</strong></span> <span class='ocrx_word' id='word_1_172' title='bbox 991 2960 1057 3032; x_wconf 89' lang='lat' dir='ltr'><strong>sed</strong></span> <span class='ocrx_word' id='word_1_173' title='bbox 1073 2961 1075 2965; x_wconf 46' lang='lat'><em>⁴</em></span> <span class='ocrx_word' id='word_1_174' title='bbox 1090 2960 1137 3032; x_wconf 83' lang='lat' dir='ltr'><strong>ex</strong></span> <span class='ocrx_word' id='word_1_175' title='bbox 1164 2984 1332 3032; x_wconf 88' lang='lat' dir='ltr'><strong>sermone</strong></span> <span class='ocrx_word' id='word_1_176' title='bbox 1373 2982 1490 3031; x_wconf 86' lang='lat' dir='ltr'><strong>rumor</strong></span> 
     </span>
     <span class='ocr_line' id='line_1_23' title="bbox 318 3073 1494 3178; baseline 0.002 -27"><span class='ocrx_word' id='word_1_177' title='bbox 318 3079 496 3169; x_wconf 83' lang='lat' dir='ltr'><strong>afferret,&#39;’</strong></span> <span class='ocrx_word' id='word_1_178' title='bbox 529 3085 564 3177; x_wconf 80' lang='lat'><strong>2)</strong></span> <span class='ocrx_word' id='word_1_179' title='bbox 599 3107 645 3156; x_wconf 89' lang='lat' dir='ltr'><strong>eo</strong></span> <span class='ocrx_word' id='word_1_180' title='bbox 671 3083 843 3178; x_wconf 89' lang='lat' dir='ltr'><strong>pervenit,</strong></span> <span class='ocrx_word' id='word_1_181' title='bbox 874 3098 913 3154; x_wconf 93' lang='lat' dir='ltr'><strong>ut</strong></span> <span class='ocrx_word' id='word_1_182' title='bbox 937 3078 1021 3166; x_wconf 80' lang='lat' dir='ltr'><strong>non&#39;</strong></span> <span class='ocrx_word' id='word_1_183' title='bbox 1035 3073 1146 3155; x_wconf 78' lang='lat' dir='ltr'><strong>modo</strong></span> <span class='ocrx_word' id='word_1_184' title='bbox 1173 3096 1494 3177; x_wconf 88' lang='lat' dir='ltr'><strong>totumpropemo·</strong></span> 
     </span>
     <span class='ocr_line' id='line_1_24' title="bbox 318 3201 1493 3303; baseline 0.003 -30"><span class='ocrx_word' id='word_1_185' title='bbox 318 3201 405 3273; x_wconf 91' lang='lat' dir='ltr'><strong>dum</strong></span> <span class='ocrx_word' id='word_1_186' title='bbox 444 3228 596 3300; x_wconf 85' lang='lat' dir='ltr'><strong>regnum</strong></span> <span class='ocrx_word' id='word_1_187' title='bbox 637 3223 876 3303; x_wconf 86' lang='lat' dir='ltr'><strong>recuperaret,</strong></span> <span class='ocrx_word' id='word_1_188' title='bbox 918 3232 1044 3280; x_wconf 91' lang='lat' dir='ltr'><strong>verum</strong></span> <span class='ocrx_word' id='word_1_189' title='bbox 1078 3208 1187 3279; x_wconf 89' lang='lat' dir='ltr'><strong>etiam</strong></span> <span class='ocrx_word' id='word_1_190' title='bbox 1220 3206 1493 3303; x_wconf 88' lang='lat' dir='ltr'><strong>Cappadociam</strong></span> 
     </span>
     <span class='ocr_line' id='line_1_25' title="bbox 319 3326 1493 3427; baseline 0.006 -31"><span class='ocrx_word' id='word_1_191' title='bbox 319 3326 505 3399; x_wconf 90' lang='lat' dir='ltr'><strong>invaderet</strong></span> <span class='ocrx_word' id='word_1_192' title='bbox 539 3342 576 3399; x_wconf 90' lang='lat' dir='ltr'><strong>et</strong></span> <span class='ocrx_word' id='word_1_193' title='bbox 600 3328 835 3401; x_wconf 86' lang='lat' dir='ltr'><strong>vehementer</strong></span> <span class='ocrx_word' id='word_1_194' title='bbox 860 3330 1048 3427; x_wconf 85' lang='lat' dir='ltr'><strong>affligeret.</strong></span> <span class='ocrx_word' id='word_1_195' title='bbox 1105 3332 1163 3404; x_wconf 91' lang='lat' dir='ltr'><strong>Ea</strong></span> <span class='ocrx_word' id='word_1_196' title='bbox 1187 3357 1269 3403; x_wconf 89' lang='lat' dir='ltr'><strong>cum</strong></span> <span class='ocrx_word' id='word_1_197' title='bbox 1296 3347 1394 3404; x_wconf 89' lang='lat' dir='ltr'><strong>esset</strong></span> <span class='ocrx_word' id='word_1_198' title='bbox 1418 3326 1493 3403; x_wconf 94' lang='lat' dir='ltr'><strong>Ro-</strong></span> 
     </span>
     <span class='ocr_line' id='line_1_26' title="bbox 318 3451 1493 3551; baseline 0.008 -32"><span class='ocrx_word' id='word_1_199' title='bbox 318 3474 505 3521; x_wconf 88' lang='lat' dir='ltr'><strong>manorum</strong></span> <span class='ocrx_word' id='word_1_200' title='bbox 540 3451 709 3540; x_wconf 90' lang='lat' dir='ltr'><strong>conditio,</strong></span> <span class='ocrx_word' id='word_1_201' title='bbox 748 3479 843 3550; x_wconf 86' lang='lat' dir='ltr'><strong>quae</strong></span> <span class='ocrx_word' id='word_1_202' title='bbox 879 3479 951 3526; x_wconf 94' lang='lat' dir='ltr'><strong>non</strong></span> <span class='ocrx_word' id='word_1_203' title='bbox 981 3452 1133 3551; x_wconf 89' lang='lat' dir='ltr'><strong>amplius</strong></span> <span class='ocrx_word' id='word_1_204' title='bbox 1159 3470 1334 3528; x_wconf 86' lang='lat' dir='ltr'><strong>terrorem</strong></span> <span class='ocrx_word' id='word_1_205' title='bbox 1361 3456 1493 3528; x_wconf 88' lang='lat' dir='ltr'><strong>inicere</strong></span> 
     </span>
     <span class='ocr_line' id='line_1_27' title="bbox 316 3578 1493 3676; baseline 0.007 -34"><span class='ocrx_word' id='word_1_206' title='bbox 316 3587 452 3667; x_wconf 90' lang='lat' dir='ltr'><strong>posset,</strong></span> <span class='ocrx_word' id='word_1_207' title='bbox 491 3600 536 3647; x_wconf 95' lang='lat' dir='ltr'><strong>ne</strong></span> <span class='ocrx_word' id='word_1_208' title='bbox 571 3592 646 3647; x_wconf 91' lang='lat' dir='ltr'><strong>tum</strong></span> <span class='ocrx_word' id='word_1_209' title='bbox 681 3578 831 3675; x_wconf 89' lang='lat' dir='ltr'><strong>quidem</strong></span> <span class='ocrx_word' id='word_1_210' title='bbox 855 3578 1037 3666; x_wconf 80' lang='lat' dir='ltr'><strong>Phraates,</strong></span> <span class='ocrx_word' id='word_1_211' title='bbox 1067 3580 1231 3676; x_wconf 90' lang='lat' dir='ltr'><strong>quamvis</strong></span> <span class='ocrx_word' id='word_1_212' title='bbox 1258 3579 1355 3653; x_wconf 87' lang='lat' dir='ltr'><strong>haud</strong></span> <span class='ocrx_word' id='word_1_213' title='bbox 1383 3579 1493 3653; x_wconf 89' lang='lat' dir='ltr'><strong>dubie</strong></span> 
     </span>
    </p>
   </div>
   <div class='ocr_carea' id='block_1_3' title="bbox 317 3694 1493 3918">
    <p class='ocr_par' dir='ltr' id='par_1_5' title="bbox 317 3694 1493 3918">
     <span class='ocr_line' id='line_1_28' title="bbox 318 3694 1493 3799; baseline 0.008 -33"><span class='ocrx_word' id='word_1_214' title='bbox 318 3719 339 3766; x_wconf 86' lang='lat' dir='ltr'><strong>a</strong></span> <span class='ocrx_word' id='word_1_215' title='bbox 367 3694 515 3769; x_wconf 90' lang='lat' dir='ltr'><strong>Lucullo</strong></span> <span class='ocrx_word' id='word_1_216' title='bbox 542 3697 626 3770; x_wconf 90' lang='lat' dir='ltr'><strong>fidei</strong></span> <span class='ocrx_word' id='word_1_217' title='bbox 655 3698 762 3772; x_wconf 90' lang='lat' dir='ltr'><strong>datae</strong></span> <span class='ocrx_word' id='word_1_218' title='bbox 787 3702 1035 3790; x_wconf 64' lang='lat' dir='ltr'><strong>commonitus</strong></span> <span class='ocrx_word' id='word_1_219' title='bbox 1067 3702 1195 3775; x_wconf 90' lang='lat' dir='ltr'><strong>adduci</strong></span> <span class='ocrx_word' id='word_1_220' title='bbox 1209 3704 1335 3799; x_wconf 92' lang='lat' dir='ltr'><strong>potuit,</strong></span> <span class='ocrx_word' id='word_1_221' title='bbox 1353 3719 1392 3776; x_wconf 93' lang='lat' dir='ltr'><strong>ut</strong></span> <span class='ocrx_word' id='word_1_222' title='bbox 1403 3704 1493 3776; x_wconf 86' lang='lat' dir='ltr'><strong>socii</strong></span> 
     </span>
     <span class='ocr_line' id='line_1_29' title="bbox 317 3817 1041 3918; baseline 0.018 -30"><span class='ocrx_word' id='word_1_223' title='bbox 317 3842 463 3890; x_wconf 83' lang='lat' dir='ltr'><strong>causam</strong></span> <span class='ocrx_word' id='word_1_224' title='bbox 491 3817 705 3918; x_wconf 87' lang='lat' dir='ltr'><strong>sublevaret.</strong></span> <span class='ocrx_word' id='word_1_225' title='bbox 1039 3823 1041 3826; x_wconf 35' lang='lat'>⁵</span> 
     </span>
    </p>
   </div>
   <div class='ocr_carea' id='block_1_4' title="bbox 316 4057 1491 4402">
    <p class='ocr_par' dir='ltr' id='par_1_6' title="bbox 316 4057 1491 4402">
     <span class='ocr_line' id='line_1_30' title="bbox 355 4057 1490 4138; baseline 0.017 -31"><span class='ocrx_word' id='word_1_226' title='bbox 355 4057 380 4121; x_wconf 78' lang='lat'><strong>1)</strong></span> <span class='ocrx_word' id='word_1_227' title='bbox 399 4060 436 4111; x_wconf 86' lang='lat' dir='ltr'><strong>Cs.</strong></span> <span class='ocrx_word' id='word_1_228' title='bbox 458 4062 509 4109; x_wconf 93' lang='lat' dir='ltr'><strong>Dio</strong></span> <span class='ocrx_word' id='word_1_229' title='bbox 530 4063 597 4111; x_wconf 89' lang='lat' dir='ltr'><strong>Cass.</strong></span> <span class='ocrx_word' id='word_1_230' title='bbox 618 4064 738 4112; x_wconf 86' lang='lat' dir='ltr'>XXXVI.</span> <span class='ocrx_word' id='word_1_231' title='bbox 759 4075 782 4127; x_wconf 83' lang='lat'><strong>5.</strong></span> <span class='ocrx_word' id='word_1_232' title='bbox 804 4066 909 4115; x_wconf 90' lang='lat' dir='ltr'><strong>Paulum</strong></span> <span class='ocrx_word' id='word_1_233' title='bbox 928 4068 1026 4117; x_wconf 88' lang='lat' dir='ltr'><strong>diverse</strong></span> <span class='ocrx_word' id='word_1_234' title='bbox 1043 4086 1095 4119; x_wconf 89' lang='lat' dir='ltr'><strong>rem</strong></span> <span class='ocrx_word' id='word_1_235' title='bbox 1114 4072 1189 4120; x_wconf 91' lang='lat' dir='ltr'><strong>nobis</strong></span> <span class='ocrx_word' id='word_1_236' title='bbox 1210 4074 1315 4138; x_wconf 85' lang='lat' dir='ltr'><strong>exponit</strong></span> <span class='ocrx_word' id='word_1_237' title='bbox 1333 4075 1490 4125; x_wconf 73' lang='lat' dir='ltr'><strong>Plutarchus</strong></span> 
     </span>
     <span class='ocr_line' id='line_1_31' title="bbox 317 4148 1491 4227; baseline 0.014 -31"><span class='ocrx_word' id='word_1_238' title='bbox 317 4148 342 4196; x_wconf 90' lang='lat' dir='ltr'><strong>Si</strong></span> <span class='ocrx_word' id='word_1_239' title='bbox 371 4148 394 4197; x_wconf 91' lang='lat' dir='ltr'><strong>ei</strong></span> <span class='ocrx_word' id='word_1_240' title='bbox 422 4149 555 4209; x_wconf 89' lang='lat' dir='ltr'><strong>credimus,</strong></span> <span class='ocrx_word' id='word_1_241' title='bbox 574 4151 691 4200; x_wconf 81' lang='lat' dir='ltr'><strong>Phraates</strong></span> <span class='ocrx_word' id='word_1_242' title='bbox 713 4152 815 4202; x_wconf 82' lang='lat' dir='ltr'><strong>foedere</strong></span> <span class='ocrx_word' id='word_1_243' title='bbox 834 4170 892 4202; x_wconf 90' lang='lat' dir='ltr'><strong>cum</strong></span> <span class='ocrx_word' id='word_1_244' title='bbox 911 4156 1034 4205; x_wconf 92' lang='lat' dir='ltr'><strong>Romanis</strong></span> <span class='ocrx_word' id='word_1_245' title='bbox 1053 4166 1127 4221; x_wconf 89' lang='lat' dir='ltr'><strong>pacto</strong></span> <span class='ocrx_word' id='word_1_246' title='bbox 1147 4159 1172 4207; x_wconf 91' lang='lat' dir='ltr'><strong>in</strong></span> <span class='ocrx_word' id='word_1_247' title='bbox 1192 4168 1321 4226; x_wconf 88' lang='lat' dir='ltr'><strong>utramque</strong></span> <span class='ocrx_word' id='word_1_248' title='bbox 1338 4171 1435 4227; x_wconf 85' lang='lat' dir='ltr'><strong>partem</strong></span> <span class='ocrx_word' id='word_1_249' title='bbox 1452 4164 1491 4212; x_wconf 88' lang='lat' dir='ltr'><strong>in·</strong></span> 
     </span>
     <span class='ocr_line' id='line_1_32' title="bbox 316 4236 1490 4317; baseline 0.014 -33"><span class='ocrx_word' id='word_1_250' title='bbox 316 4236 413 4285; x_wconf 85' lang='lat' dir='ltr'><strong>clinans</strong></span> <span class='ocrx_word' id='word_1_251' title='bbox 440 4238 505 4286; x_wconf 92' lang='lat' dir='ltr'><strong>clam</strong></span> <span class='ocrx_word' id='word_1_252' title='bbox 532 4255 547 4287; x_wconf 92' lang='lat' dir='ltr'><strong>a</strong></span> <span class='ocrx_word' id='word_1_253' title='bbox 565 4239 674 4303; x_wconf 87' lang='lat' dir='ltr'><strong>Tigrane</strong></span> <span class='ocrx_word' id='word_1_254' title='bbox 694 4241 908 4306; x_wconf 88' lang='lat' dir='ltr'><strong>Mesopotamiam</strong></span> <span class='ocrx_word' id='word_1_255' title='bbox 926 4244 1013 4293; x_wconf 86' lang='lat' dir='ltr'><strong>auxilii</strong></span> <span class='ocrx_word' id='word_1_256' title='bbox 1032 4247 1171 4310; x_wconf 88' lang='lat' dir='ltr'><strong>praemium</strong></span> <span class='ocrx_word' id='word_1_257' title='bbox 1190 4250 1294 4313; x_wconf 87' lang='lat' dir='ltr'><strong>petivit;</strong></span> <span class='ocrx_word' id='word_1_258' title='bbox 1313 4268 1365 4316; x_wconf 92' lang='lat' dir='ltr'><strong>quo</strong></span> <span class='ocrx_word' id='word_1_259' title='bbox 1384 4254 1490 4317; x_wconf 87' lang='lat' dir='ltr'><strong>cognito</strong></span> 
     </span>
     <span class='ocr_line' id='line_1_33' title="bbox 316 4326 1490 4402; baseline 0.014 -29"><span class='ocrx_word' id='word_1_260' title='bbox 316 4326 437 4375; x_wconf 89' lang='lat' dir='ltr'><strong>Lucullus</strong></span> <span class='ocrx_word' id='word_1_261' title='bbox 465 4327 501 4375; x_wconf 83' lang='lat' dir='ltr'><strong>ira</strong></span> <span class='ocrx_word' id='word_1_262' title='bbox 529 4328 644 4389; x_wconf 83' lang='lat' dir='ltr'><strong>incensus</strong></span> <span class='ocrx_word' id='word_1_263' title='bbox 663 4330 767 4378; x_wconf 90' lang='lat' dir='ltr'><strong>Parthos</strong></span> <span class='ocrx_word' id='word_1_264' title='bbox 786 4330 837 4402; x_wconf 86' lang='lat' dir='ltr'><strong>iam¹</strong></span> <span class='ocrx_word' id='word_1_265' title='bbox 857 4332 927 4380; x_wconf 90' lang='lat' dir='ltr'><strong>bello</strong></span> <span class='ocrx_word' id='word_1_266' title='bbox 945 4341 997 4381; x_wconf 87' lang='lat' dir='ltr'><strong>erat</strong></span> <span class='ocrx_word' id='word_1_267' title='bbox 1015 4350 1187 4398; x_wconf 85' lang='lat' dir='ltr'><strong>persecunrus,</strong></span> <span class='ocrx_word' id='word_1_268' title='bbox 1207 4354 1264 4386; x_wconf 92' lang='lat' dir='ltr'><strong>cum</strong></span> <span class='ocrx_word' id='word_1_269' title='bbox 1282 4326 1407 4389; x_wconf 86' lang='lat' dir='ltr'><strong>seditione</strong></span> <span class='ocrx_word' id='word_1_270' title='bbox 1423 4341 1490 4390; x_wconf 90' lang='lat' dir='ltr'><strong>mili-</strong></span> 
     </span>
    </p>
   </div>
   <div class='ocr_carea' id='block_1_5' title="bbox 316 4415 1489 4551">
    <p class='ocr_par' dir='ltr' id='par_1_7' title="bbox 316 4415 1489 4551">
     <span class='ocr_line' id='line_1_34' title="bbox 316 4415 1489 4488; baseline 0.014 -27"><span class='ocrx_word' id='word_1_271' title='bbox 316 4421 368 4461; x_wconf 92' lang='lat' dir='ltr'><strong>tum</strong></span> <span class='ocrx_word' id='word_1_272' title='bbox 393 4415 558 4480; x_wconf 84' lang='lat' dir='ltr'><strong>longinquam</strong></span> <span class='ocrx_word' id='word_1_273' title='bbox 578 4416 694 4467; x_wconf 90' lang='lat' dir='ltr'><strong>milit-iam</strong></span> <span class='ocrx_word' id='word_1_274' title='bbox 712 4420 898 4483; x_wconf 83' lang='lat' dir='ltr'><strong>aspernantium</strong></span> <span class='ocrx_word' id='word_1_275' title='bbox 917 4421 983 4470; x_wconf 89' lang='lat' dir='ltr'><strong>hanc</strong></span> <span class='ocrx_word' id='word_1_276' title='bbox 1001 4424 1189 4488; x_wconf 87' lang='lat' dir='ltr'><strong>expeditionem</strong></span> <span class='ocrx_word' id='word_1_277' title='bbox 1207 4426 1309 4475; x_wconf 89' lang='lat' dir='ltr'><strong>missam</strong></span> <span class='ocrx_word' id='word_1_278' title='bbox 1325 4428 1489 4479; x_wconf 82' lang='lat' dir='ltr'><strong>sacerecoac-</strong></span> 
     </span>
     <span class='ocr_line' id='line_1_35' title="bbox 316 4503 458 4551; baseline 0 0"><span class='ocrx_word' id='word_1_279' title='bbox 316 4511 355 4551; x_wconf 94' lang='lat' dir='ltr'><strong>tus</strong></span> <span class='ocrx_word' id='word_1_280' title='bbox 374 4510 419 4551; x_wconf 85' lang='lat' dir='ltr'><strong>est.</strong></span> <span class='ocrx_word' id='word_1_281' title='bbox 455 4503 458 4511; x_wconf 81' lang='grc'><strong>“</strong></span> 
     </span>
    </p>
   </div>
   <div class='ocr_carea' id='block_1_6' title="bbox 352 4586 869 4661">
    <p class='ocr_par' dir='ltr' id='par_1_8' title="bbox 352 4586 869 4661">
     <span class='ocr_line' id='line_1_36' title="bbox 352 4586 869 4661; baseline 0.017 -24"><span class='ocrx_word' id='word_1_282' title='bbox 352 4586 379 4657; x_wconf 84' lang='lat'><strong>2)</strong></span> <span class='ocrx_word' id='word_1_283' title='bbox 400 4591 451 4640; x_wconf 90' lang='lat' dir='ltr'><strong>Cic.</strong></span> <span class='ocrx_word' id='word_1_284' title='bbox 472 4594 504 4642; x_wconf 90' lang='lat' dir='ltr'><strong>de</strong></span> <span class='ocrx_word' id='word_1_285' title='bbox 524 4596 591 4659; x_wconf 62' lang='lat' dir='ltr'><strong>lmpi</strong></span> <span class='ocrx_word' id='word_1_286' title='bbox 609 4596 654 4643; x_wconf 91' lang='lat' dir='ltr'><strong>Cn.</strong></span> <span class='ocrx_word' id='word_1_287' title='bbox 672 4597 761 4661; x_wconf 90' lang='lat' dir='ltr'><strong>Pomp.</strong></span> <span class='ocrx_word' id='word_1_288' title='bbox 783 4611 807 4659; x_wconf 88' lang='lat'><strong>9,</strong></span> <span class='ocrx_word' id='word_1_289' title='bbox 828 4609 869 4661; x_wconf 84' lang='lat'><strong>25.</strong></span> 
     </span>
    </p>
   </div>
   <div class='ocr_carea' id='block_1_7' title="bbox 0 0 1650 5259">
    <p class='ocr_par' dir='ltr' id='par_1_9' title="bbox 0 0 1650 5259">
     <span class='ocr_line' id='line_1_37' title="bbox 0 0 1650 5259; baseline 0 1"><span class='ocrx_word' id='word_1_290' title='bbox 0 0 1650 5259; x_wconf 95' lang='lat' dir='ltr'><strong> </strong></span> 
     </span>
    </p>
   </div>
  </div>
 </body>
</html>
