3292 5259
856 268 893 342 56

291 447 383 520 Cum
419 443 525 538 igitur
557 466 579 522 a
611 438 775 510 Tiridate
810 437 845 508 in
878 460 1030 532 regnum
1064 431 1285 505 restituendo
1319 454 1483 526 prorsus

290 582 388 642 esset
415 564 561 652 alienus,
589 560 685 634 nullo
713 576 822 658 pacto
847 576 970 632 tamen
989 557 1119 632 adduci
1138 570 1293 652 poterat,
1323 568 1369 625 ut
1396 579 1484 648 sup-

290 688 421 786 plicem
452 687 631 760 tradendo
657 687 733 758 iura
760 684 906 781 hospitii
933 681 1094 770 violaret,
1131 682 1217 754 satis
1253 678 1481 776 intelligens,

292 839 365 910 quo
391 812 510 908 magis
538 810 658 883 Parthi
684 809 759 883 otio
782 832 825 880 ac
839 807 960 902 quiete
975 806 1183 893 fruerentur,
1206 831 1252 877 eo
1274 805 1400 876 acrius
1417 829 1484 875 eos

293 937 381 1009 fines
416 936 603 1008 Romanos
635 932 871 1020 infestaturos,
904 931 1069 1004 Tiridate
1108 946 1230 1003 autem
1266 929 1313 1001 de
1348 928 1485 1000 medio

292 1060 435 1133 sublato
473 1059 714 1132 dissensiones
753 1056 965 1130 Parthorum
1005 1055 1111 1152 plane
1146 1056 1222 1128 fore
1262 1055 1482 1128 exstinctas.

294 1185 483 1258 Tiridaten
503 1210 594 1281 ergo
614 1209 737 1257 secum
759 1182 912 1269 retinuit,
943 1181 1233 1279 domiciliumque
1258 1181 1291 1253 ei
1311 1181 1346 1251 in
1369 1179 1485 1276 Syria

295 1309 480 1397 concessit,
509 1333 581 1380 non
606 1323 644 1379 ut
670 1304 848 1403 placidam
875 1305 922 1378 ibi
938 1319 975 1377 et
994 1304 1219 1403 tranquillam
1234 1304 1346 1377 vitam
1363 1321 1485 1377 trans-

296 1437 422 1533 igeret,
463 1457 589 1504 verum
624 1447 663 1502 ut
697 1431 779 1502 inde
812 1431 936 1502 turbas
976 1444 1014 1502 et
1047 1445 1165 1503 motus
1194 1430 1228 1501 in
1256 1431 1377 1525 patria
1409 1429 1484 1502 lini-

297 1560 384 1643 tima
411 1557 505 1629 ciere
531 1571 712 1651 pergeret,
743 1570 790 1642 et,
821 1554 851 1625 si
877 1553 951 1626 fieri
977 1568 1113 1649 posset,
1154 1554 1344 1627 occasione
1367 1554 1481 1656 data,

296 1677 436 1777 regiam
463 1694 691 1776 recuperaret
718 1678 943 1772 dignitatem.
974 1678 1135 1751 Phraatis
1163 1676 1252 1752 filius
1272 1705 1295 1751 a
1315 1679 1484 1751 Caesare

298 1806 473 1878 deductus
499 1820 555 1878 est
580 1805 748 1892 Romam,
779 1817 819 1875 ut
846 1803 981 1876 obsidis
1008 1803 1054 1876 ibi
1083 1819 1180 1875 esset
1207 1801 1298 1875 loco.

351 1933 463 2003 Anno
495 1955 541 2020 29
571 1932 713 2002 ineunte
740 1929 899 2002 Romam
925 1928 1120 2001 afferuntur
1149 1927 1315 2000 Caesaris
1334 1926 1483 2000 litterae

299 2055 346 2127 de
374 2031 486 2127 rebus¹
510 2054 692 2140 Parthicis,
722 2054 819 2125 haud
846 2053 954 2125 dubie
981 2053 1141 2148 impense
1170 2067 1297 2124 auctae
1317 2067 1355 2123 et
1374 2076 1483 2125 exor-

299 2195 424 2268 natae,
462 2204 547 2251 nam
585 2203 656 2250 non
690 2179 719 2250 si
751 2194 829 2250 tota
864 2177 1008 2250 Parthia
1042 2204 1168 2250 manus
1205 2177 1377 2266 dedisset,
1408 2202 1506 2262 amg

300 2302 433 2400 pliores
460 2303 618 2375 honores
646 2317 823 2376 asenatu
853 2302 1000 2376 Caesari
1029 2302 1133 2374 tribui
1163 2300 1376 2397 potuissent.

354 2429 555 2524 Aliquanto
576 2437 665 2522 post
693 2430 726 2523 1)
757 2426 940 2499 Tiridates
968 2452 992 2499 a
1018 2426 1171 2499 factione
1197 2451 1261 2498 sua
1287 2440 1482 2498 revocatus

302 2552 431 2623 iterum
459 2548 541 2623 belli
575 2550 728 2622 intestini
757 2550 873 2623 facem
898 2550 1105 2635 accendisse
1132 2550 1282 2623 videtur.

356 2675 469 2746 Anno
508 2699 526 2744 2
534 2694 552 2765 5
582 2673 780 2769 Postquam
808 2698 944 2769 magno
973 2689 1137 2770 tempore
1164 2664 1329 2747 finitimas
1362 2675 1483 2746 civita-

303 2815 369 2902 tes,
406 2798 454 2869 ad
482 2812 706 2893 postremum
738 2798 893 2893 Scythas
922 2799 1087 2895 precibus
1115 2799 1292 2896 fatigarat,
1331 2799 1483 2894 Scytha-

304 2951 382 3017 rum
436 2923 595 2996 maximo
637 2921 769 2996 auxilio
806 2923 980 2997 Phraates
1015 2924 1049 2995 in
1084 2949 1236 3020 regnum
1274 2924 1480 3008 restituitur,

305 3073 458 3144 quorum
485 3047 633 3143 cognito
662 3041 823 3120 adventu
846 3047 1029 3120 Tiridates
1058 3047 1106 3120 ad
1135 3049 1331 3121 Caesarem
1353 3048 1388 3120 in
1403 3047 1484 3120 His-

305 3171 450 3268 paniam
476 3169 645 3265 profugit.

360 3293 473 3364 Anno
505 3314 551 3380 24
578 3294 790 3365 Parthorum
806 3320 933 3391 regern
955 3321 1077 3367 secum
1093 3296 1276 3368 adducens
1295 3297 1482 3393 Augustus

307 3418 466 3488 Romam
493 3403 690 3489 revertitur.
726 3418 870 3491 Eodem
898 3420 1070 3494 Phraates
1098 3420 1205 3493 mittit
1232 3418 1385 3515 legatos
1425 3420 1483 3516 qui

309 3540 496 3613 Tiridaten
533 3556 571 3613 et
598 3540 705 3612 filium
733 3569 837 3614 suum
865 3544 995 3616 remitti
1022 3544 1089 3617 sibi
1117 3541 1307 3640 postulent.
1338 3545 1419 3618 Hos

363 3664 476 3736 Anno
507 3688 551 3756 23
583 3666 781 3760 Augustus
813 3683 852 3739 ut
879 3695 926 3740 ex
945 3668 1047 3766 gravi
1067 3671 1196 3742 morbo
1216 3685 1397 3742 recreatus
1416 3683 1479 3752 est,

312 3787 501 3859 introducit
529 3789 562 3860 in
589 3806 763 3879 senatum,
807 3793 867 3887 qui
893 3790 961 3866 litis
991 3793 1282 3878 diiudicationem
1307 3795 1483 3892 integram

311 3911 362 3983 ei·
383 3908 558 4008 relinquit.
598 3914 679 3986 Hac
706 3930 889 4010 potestate
915 3917 982 3989 sibi
1011 3919 1186 4013 permissa
1213 3918 1400 3992 Tiridaten
1427 3944 1482 3990 ne-

313 4060 495 4130 quaquam
534 4037 652 4125 tradit,
690 4036 799 4110 filium
839 4065 927 4113 vero
966 4042 1109 4114 Phraati
1141 4043 1288 4115 remittit
1318 4069 1363 4116 ea
1390 4041 1479 4140 lege,

313 4174 352 4230 ut
384 4184 450 4254 pro
488 4185 533 4231 eo
561 4180 749 4258 recuperet
777 4166 939 4260 captivos
967 4167 1143 4262 signaque
1171 4164 1335 4239 militaria
1368 4165 1483 4240 Crassi

314 4297 351 4353 et
382 4281 530 4354 Antonii
558 4282 718 4358 cladibus
744 4287 885 4360 amissa.
927 4289 992 4361 Cui
1019 4288 1210 4361 conditioni
1235 4315 1257 4362 a
1279 4315 1369 4386 rege
1388 4292 1482 4363 satis-

315 4406 446 4477 factum
474 4431 546 4479 non
572 4425 637 4498 est,
669 4410 785 4482 donec
1436 4422 1438 4428 ’

355 4569 377 4626 1)
397 4564 465 4614 Infra
483 4569 549 4630 (pag.
571 4564 623 4625 67.)
642 4564 798 4623 docebimus,
815 4565 1016 4614 idverisimiliter
1026 4563 1118 4614 factum
1129 4583 1182 4616 esse
1193 4567 1257 4616 circa
1267 4569 1325 4616 anni
1338 4567 1371 4616 28
1382 4569 1482 4617 initium.
