3292 5259
802 321 856 376 103
887 367 890 372 .

229 462 362 537 bellum
403 466 612 564 impendere
653 471 769 566 probe
801 472 918 561 sciret,
958 474 1079 546 nescio
1118 500 1190 572 qua
1215 475 1262 547 de
1299 501 1408 549 causa

228 589 487 684 prosectionem
524 590 674 683 distulit,
726 611 868 668 constat
904 596 998 668 enirn
1036 623 1119 668 eum
1167 598 1260 671 Non.
1302 599 1406 671 Iuniis

227 713 374 786 demum
416 716 573 816 Tarsum
611 718 829 814 pervenisse.
866 723 898 816 1)
939 718 1083 793 Bibulus
1111 722 1246 795 interea
1280 722 1406 795 Antio-

228 839 329 913 chiae
362 866 384 913 a
410 841 549 914 Parthis
578 842 767 915 obsidione
795 841 949 946 inclusus
992 846 1183 918 tenebatur
1214 848 1248 941 2)
1285 845 1404 942 ibique

228 967 262 1037 in
298 981 416 1038 tantas
455 967 640 1063 angustias
681 967 857 1040 adductus
905 984 980 1057 est,
1031 984 1071 1042 ut
1110 967 1221 1065 legati
1251 969 1326 1041 eius
1368 985 1405 1042 et

226 1105 397 1188 quaestor
435 1105 473 1163 et
507 1091 610 1163 amici
649 1116 715 1186 per
749 1089 885 1164 litteras
912 1092 1125 1165 Ciceronem
1160 1093 1402 1177 obsecrarent,

227 1232 265 1287 ut
296 1216 457 1288 subsidio
495 1216 643 1320 veniret,
689 1219 725 1312 3)
771 1217 900 1314 quibus
928 1218 1097 1314 precibus
1123 1216 1179 1290 ille
1207 1244 1279 1291 non
1307 1220 1404 1292 omni

226 1340 372 1437 quidem
418 1365 465 1412 ex
509 1355 613 1436 parte
656 1341 836 1428 satisfecit,
881 1338 992 1427 noluit
1024 1339 1153 1414 saltem
1190 1353 1236 1414 ex
1276 1343 1403 1415 finibus

225 1464 429 1561 provinciae
459 1464 597 1560 egredi,
627 1455 692 1536 sed
721 1479 843 1538 tamen
866 1463 1065 1562 intelligens
1089 1490 1193 1537 suum
1208 1491 1288 1538 esse
1303 1492 1403 1540 exer·

225 1589 332 1662 citum
372 1589 675 1685 quamproxime
702 1589 845 1662 hostem
881 1579 1026 1678 habere,
1065 1606 1182 1664 castra
1208 1591 1328 1687 posuit
1355 1591 1402 1663 ad

226 1715 419 1810 Pyramum
463 1713 608 1786 fluvium
637 1721 690 1811 4),
722 1713 833 1785 haud
870 1712 994 1810 procul
1028 1740 1050 1786 a
1086 1729 1208 1787 monte
1243 1715 1400 1802 Amano,

225 1837 344 1934 ibique
379 1835 585 1910 incredibile
618 1853 751 1930 quanto
784 1837 892 1909 animi
930 1838 1059 1911 timore
1091 1864 1210 1911 rerum
1252 1856 1402 1912 eventus

225 1962 409 2058 opperitus
437 1977 503 2034 est.
534 1964 571 2056 5)

278 2087 381 2158 Nunc
401 2102 546 2183 quoque
561 2086 629 2157 diis
643 2087 806 2182 propitiis
821 2085 1013 2173 fruebatur,
1040 2112 1124 2159 narn
1138 2073 1260 2184 paucis
1275 2087 1401 2160 diebus

224 2226 417 2308 antequam
442 2235 607 2290 ¹annuum
646 2227 791 2306 tempus
834 2212 1023 2284 emeritum
1048 2213 1218 2300 habebat,
1258 2229 1403 2308 praeter

224 2362 328 2431 spem
368 2351 405 2408 et
433 2335 640 2431 opinionem
665 2335 878 2408 Parthorum
906 2336 1064 2408 discessu
1092 2361 1234 2409 summo
1264 2351 1402 2409 terrore

225 2477 262 2533 et
288 2457 522 2533 sollicitudine
550 2457 719 2532 liberatus
744 2474 810 2532 est.
830 2485 862 2532 a.
887 2460 922 2531 d.
939 2459 1026 2532 XVI
1042 2457 1123 2532 Kal.
1141 2460 1243 2533 Sext.
1262 2459 1403 2556 scripsit

223 2586 272 2657 ad
316 2585 380 2657 Cn.
426 2582 632 2657 Sallustium
671 2599 972 2680 proquaestorem
1019 2583 1080 2679 (ad
1105 2584 1198 2656 Fam
1239 2584 1278 2657 ll.
1303 2559 1397 2680 x17):

228 2711 335 2806 »puin
349 2711 402 2782 aa'
410 2710 503 2782 diem
517 2706 702 2794 decedam‚'
719 2710 822 2780 nulla
837 2734 946 2780 causa
960 2718 1020 2797 est,
1029 2711 1251 2804 praesertim
1264 2710 1401 2781 sublata

221 2842 313 2906 melu
336 2829 540 2920 Paetle'e'ca,”
569 2846 606 2904 et
634 2846 717 2927 post
738 2857 872 2928 pauca:
894 2833 1400 2905 ›Partlu'teause'ere'utaecae

216 2968 363 3054 praeter
401 2967 433 3028 te
472 2957 570 3028 vedeo
596 2956 760 3028 dubitare
787 2953 996 3027 nemeaeus
1023 2955 1083 3027 ad·
1098 2955 1176 3027 Art.
1207 2955 1266 3027 Vl.
1298 2961 1331 3026 6.
1363 2978 1396 3047 3.

227 3083 371 3178 (scripta
399 3080 510 3153 Sidae
539 3080 683 3151 ineunte
708 3104 833 3152 mense
863 3077 1001 3167 Sextili,
1032 3106 1142 3177 quum
1172 3079 1300 3152 Cicero
1315 3079 1398 3151 inibi
1491 3132 1495 3137 -

259 3382 268 3416 1
301 3368 334 3416 ad
356 3370 408 3420 Att.
427 3367 473 3418 Vl.
513 3410 518 3421 ,
542 3380 563 3415 1.

208 3493 211 3496 .
258 3371 285 3523 ²l
304 3459 365 3506 Non
388 3474 428 3506 me
447 3382 587 3521 intelligere
606 3456 729 3505 confiteor
752 3455 884 3521 quomodo
905 3455 1007 3518 Fischer
1026 3455 1174 3521 (Romische
1191 3455 1330 3514 Zeittafelm
1340 3471 1397 3520 pag.

223 3546 282 3607 264)
300 3546 408 3595 scribere
426 3545 549 3610 potuerit:
569 3545 627 3603 ‚‚M.
650 3544 806 3608 Calpurnius
826 3544 934 3592 Bibulus
953 3543 1010 3590 una’
1029 3543 1111 3591 Cicera
1129 3543 1275 3608 lefurclueu
1294 3544 1329 3592 im
1348 3545 1398 3592 Au.

215 3638 298 3698 sange
323 3635 397 3682 dieses
426 3634 525 3698 Jaares
542 3633 613 3680 einen
632 3641 751 3680 erneuteu
769 3632 883 3698 Angraff
897 3632 943 3679 der
963 3631 996 3680 im
1015 3631 1119 3696 varagreu
1140 3632 1215 3696 Jalu
1232 3649 1279 3680 vou
1302 3631 1399 3681 Cassius
1496 3697 1498 3701 Ι

223 3721 338 3784 besiegten
364 3723 486 3781 Parther,
515 3721 578 3770 der
604 3720 741 3784 jedoch
764 3721 870 3769 nicht
888 3719 1104 3769 stattfand.''
1140 3720 1168 3772 Si
1187 3720 1252 3768 forte
1270 3721 1398 3769 Ciceronis

224 3810 298 3858 verba
315 3810 419 3875 indigna
436 3816 542 3875 putaret,
561 3808 652 3873 quibus
671 3809 734 3857 fides
754 3809 913 3867 tribueretur,
934 3815 1043 3857 attamen
1063 3809 1153 3857 mirum
1174 3815 1210 3857 est
1229 3825 1286 3857 eum
1305 3809 1397 3874 fugisse

223 3897 391 3948 testimonium
420 3899 532 3948 Caesaris
553 3899 578 3945 in
597 3897 784 3946 commentariis
804 3897 836 3946 de
857 3897 930 3947 Bello
950 3897 1033 3956 Civili,
1053 3913 1105 3961 quo
1128 3897 1210 3945 omnis
1230 3897 1262 3946 de
1281 3898 1397 3946 Parthico

198 4041 201 4045 ¹
222 3987 290 4036 bello
320 3989 444 4042 dubitatio
473 3987 579 4036 tollitur.
600 3985 638 4034 Cf.
658 3986 729 4034 Caes.
749 3986 781 4033 de
802 3987 831 4034 B.
852 3986 879 4033 C.
900 3986 950 4037 ΙΙΙ,
971 3997 1022 4047 31:
1043 3985 1158 4044 „Quibus
1176 3985 1263 4033 coactis
1273 3985 1399 4050 finitimis

221 4076 327 4124 hostibus
346 4077 453 4124 Parthis
464 4083 523 4140 past
540 4090 565 4121 se
583 4074 682 4133 relictis,
702 4073 747 4137 qui
757 4074 840 4138 paula
858 4081 915 4121 aute
935 4073 975 4123 M.
999 4073 1116 4121 Crassum
1136 4073 1397 4136 inpleratereurinter-

214 4166 334 4229 fecerant
351 4172 375 4212 et
393 4165 430 4215 M.
451 4163 603 4212 Bibulum
623 4162 653 4210 in
673 4161 853 4209 obsidione
872 4161 1070 4220 habuerant,
1089 4161 1193 4224 legiones
1211 4161 1349 4224 equitesque
1366 4178 1398 4208 ex

223 4253 299 4316 Syria
318 4253 430 4302 deduxit.

257 4340 285 4411 3)
304 4343 338 4391 ad
357 4345 409 4391 Art.
430 4329 511 4404 V1.'5
543 4353 567 4402 3.

255 4438 281 4493 4)
299 4432 332 4480 ad
353 4433 422 4482 Fam.
444 4431 493 4479 Ill.
517 4443 566 4487 ¹13
589 4430 623 4478 ΙΙ.
647 4442 686 4491 19.

258 4523 284 4587 5)
302 4521 397 4569 Omnes
424 4521 485 4579 fere,
508 4535 568 4584 quas
585 4534 617 4566 eo
633 4526 748 4582 tempore
766 4517 864 4580 scripsit
883 4517 1003 4580 epistolas
1025 4516 1115 4581 plenae
1134 4523 1190 4564 sunt
1210 4515 1270 4564 belli
1290 4515 1397 4564 Parthici

220 4609 325 4661 timoris.
345 4609 378 4658 ad
397 4611 449 4657 Att.
469 4608 530 4656 Vll.
551 4620 574 4655 2.
595 4606 626 4666 63
648 4619 671 4668 3.
692 4617 726 4665 23
746 4620 772 4666 4.
795 4618 825 4664 13
847 4617 870 4668 5.
889 4618 914 4667 3.
