3292 5259
839 323 872 361 12

268 467 367 543 μενίᾳ
394 468 612 538 διαχειμάσαι
637 472 695 525 καί
712 472 939 527 διαναπαῦσαι
957 470 1019 527 τὸν
1036 470 1183 544 στρατὸν
1200 465 1443 538 ὀκτακισχι-

264 584 363 639 λίων
389 584 571 638 σταδίων
597 578 870 656 ἀποτετρυμένον
895 586 1028 659 πορείᾳ,
1045 587 1134 640 κτλ.”
1188 564 1443 661 Congruenter

264 686 371 785 igitur
412 684 549 759 Dellius
589 703 626 760 et
663 685 871 761 Plutarchus
906 688 1097 761 aestimant
1125 688 1258 762 itineris
1283 688 1441 785 spatium

264 812 362 908 quod
402 812 449 884 ab
489 812 647 885 exercitu
675 812 844 886 Romano
878 812 1078 885 consectum
1104 828 1169 886 est.
1198 813 1348 886 Addere
1372 812 1441 884 for-

263 937 355 1009 sitan
396 936 533 1033 possim
574 937 716 1010 tertiam
741 938 930 1011 Strabonis
958 938 1005 1010 de
1031 938 1179 1011 Antonii
1207 938 1439 1035 expeditione

264 1062 544 1152 adnotationem,
589 1088 683 1160 quae
724 1063 753 1135 si
795 1087 867 1133 non
906 1077 1014 1152 certo
1052 1078 1213 1136 attamen
1240 1063 1439 1137 admodum

263 1184 496 1285 probabiliter
510 1187 557 1259 ad
572 1186 727 1259 eundem
745 1203 930 1259 auctorem
939 1186 1128 1261 referenda
1136 1188 1286 1261 videtur.
1304 1188 1439 1261 Strabo

266 1334 284 1405 5
293 1336 363 1406 30:
395 1316 650 1397 »Ἀρταουάσδης
668 1323 705 1380 δέ
721 1314 879 1397 Ἀντωνίῳ
888 1325 1061 1398 χωρίςτῆς
1078 1320 1184 1395 ἀλλης
1193 1322 1324 1394 ἱππείας
1334 1319 1440 1395 αὐτὴν

263 1432 336 1503 τὴν
360 1434 663 1508 κατάφρακτον
689 1428 984 1505 ἑξακισχιλίαν
1010 1433 1131 1491 ἵππον
1156 1430 1296 1505 ἐκτάξας
1314 1430 1438 1491 ἐπέδει-

265 1546 330 1618 ξεν,
347 1543 444 1619 ἡνίκα
463 1548 510 1620 είς
527 1551 588 1621 τὴν
606 1551 740 1620 Μηδίαν
758 1545 895 1619 ἐνέβαλε
915 1549 976 1605 σὺν
994 1526 1117 1621 αὐτῷ.”
1143 1532 1183 1603 ld
1206 1531 1329 1628 utique
1356 1556 1438 1602 con·

263 1670 335 1728 stat
362 1656 472 1729 etiam
498 1657 567 1730 hoc
594 1657 837 1730 testimonium
865 1658 941 1730 sine
967 1656 1167 1730 discrimine
1194 1653 1265 1728 ullo
1292 1655 1439 1729 inveniri

264 1780 361 1876 apud
389 1778 616 1854 Plutarchum
648 1803 722 1876 37:
752 1798 984 1869 συνελθούσης
1000 1795 1093 1872 αὐτῷ
1110 1803 1170 1871 της
1187 1799 1363 1870 δυνάμεως
1381 1800 1439 1853 καί

262 1901 331 1955 τῶν
347 1900 535 1970 συμμάχων
552 1901 718 1972 βασιλέων
735 1904 945 1973 (πάμπολλοι
963 1903 1000 1960 δέ
1019 1888 1104 1974 ἦσαν
1116 1888 1225 1967 οὗτοι,
1234 1901 1390 1973 μέγιστος
1400 1902 1437 1958 δὲ

263 2004 399 2063 πάντων
416 2004 435 2063 ὁ
453 2006 687 2082 τῇςἊρμενίας
700 2010 946 2084 Ἀρταουάσδης
972 2005 1287 2082 ἑξακισχιλίους
1305 2006 1439 2081 ἱππεῖς

263 2122 320 2176 καί
343 2122 461 2192 πεζοὺς
478 2118 749 2195 ἑπτακισχιλίους
767 2124 939 2199 παρέχων)
957 2122 1097 2198 ἐξήτασε
1114 2127 1175 2184 τὸν
1201 2123 1358 2197 στρατόν.
1401 2110 1434 2203 1)

266 2229 377 2323 Quod
403 2231 511 2327 igitur
536 2259 645 2305 unum
670 2234 829 2307 Heereni
857 2235 1160 2332 argumentationi
1176 2233 1317 2307 deesse
1343 2232 1440 2305 vide-

265 2355 380 2444 batur,
427 2372 466 2429 ut
505 2355 640 2431 scilicet
678 2356 785 2431 Dellii
821 2360 1032 2456 fragmentis
1060 2358 1228 2432 adhibitis
1255 2357 1438 2453 utriusque

265 2481 563 2555 necessitudinem
606 2485 781 2580 proferret
822 2486 857 2557 in
898 2485 1025 2573 lucem,
1064 2483 1289 2580 inquisitione
1318 2496 1440 2554 nostra

265 2602 491 2700 exploratum
519 2606 712 2682 habemus:
747 2625 888 2682 constat
915 2607 1010 2685 enim
1038 2607 1264 2682 Plutarchum
1274 2622 1437 2681 accurate

264 2730 454 2804 convenire
489 2757 569 2803 cum
597 2734 762 2806 omnibus
790 2735 1018 2830 quantumvis
1047 2733 1188 2831 exiguis
1216 2731 1429 2831 fragmentis

264 2881 358 2952 quae
386 2856 434 2928 ad
462 2872 622 2930 nostram
648 2873 807 2932 aetatem
835 2874 1042 2954 propagata
1069 2874 1160 2931 sunt.

318 2980 424 3074 Quae
470 3008 580 3081 quum
623 2984 672 3058 ita
716 2983 796 3072 sint,
840 2983 1035 3057 rationibus
1063 2984 1228 3056 omnibus
1256 2978 1437 3055 subductis

262 3132 348 3179 vere
376 3123 533 3181 statuere
558 3135 668 3206 posse
696 3109 780 3182 mihi
793 3109 930 3198 videor,
958 3107 1183 3182 Plutarchum
1192 3101 1233 3180 'in
1247 3104 1342 3181 bello
1357 3107 1437 3177 Par·

262 3231 358 3303 thico
378 3231 616 3307 describendo
635 3233 683 3306 ad
703 3234 749 3327 Q.
772 3230 880 3306 Dellii
899 3233 1150 3306 auctoritatem
1169 3232 1372 3330 confugisse
1386 3233 1434 3334 2¹),

303 3495 328 3557 1)
365 3491 435 3540 Alibi
465 3491 611 3540 Plutarchus
637 3504 726 3554 parum
754 3487 801 3536 sibi
821 3494 939 3537 constare
957 3489 1063 3538 videtur.
1083 3489 1145 3553 Cap,
1164 3497 1215 3550 50:
1235 3478 1294 3550 „Et
1308 3477 1361 3550 γὰρ
1390 3473 1439 3539 οὓς

265 3574 410 3647 ἀπήγαγεν
439 3572 470 3631 fu
497 3576 614 3645 Μηδίας
641 3571 736 3635 ίππεῖς
763 3568 1033 3643 ἑξακισχιλίους
1051 3572 1290 3641 καίμυρίοος
1307 3569 1438 3636 παρῆσαν

265 3658 467 3730 ἐσκευασμένοι
489 3660 690 3729 παραπλησίως
718 3656 851 3724 Πάρθοις
865 3697 939 3711 .....
969 3655 1021 3712 οὐκ
1040 3653 1076 3711 ἀν
1093 3653 1219 3725 ὑπῆρξεν
1237 3651 1335 3715 αὐτοῖς
1352 3649 1437 3723 ἡττα·

264 3745 361 3816 μένοις
387 3742 544 3812 ἀναφέρειν
570 3743 616 3798 καὶ
636 3742 799 3812 ἀνατολμᾶν
818 3741 1012 3805 τοσαυτάκις.”
1033 3746 1076 3794 Ad
1094 3747 1160 3794 hanc
1179 3742 1371 3808 discrepantiam
1393 3739 1439 3788 tol·

264 3840 367 3888 lendam
387 3838 496 3887 Sintenis
516 3837 583 3885 delet
602 3837 727 3886 vocabula
746 3832 939 3903 rainboldus,
958 3837 999 3885 vel
1020 3835 1196 3899 corrigendum
1215 3840 1299 3881 censet
1316 3833 1376 3888 τοῖς
1387 3846 1438 3895 μυ-

266 3926 344 3992 ρίοις,
360 3935 386 3976 ut
405 3939 489 3975 10000
499 3926 609 3991 equitum
620 3927 795 3975 Romanorum
806 3926 977 3990 significentur
981 3944 988 3985 3
999 3941 1088 3974 vereor
1096 3930 1179 3974 autem
1189 3939 1221 3971 ne
1230 3929 1331 3971 temere.
1352 3920 1438 3968 Priore

264 4018 324 4065 loco
353 4016 499 4064 Plutarchus
526 4016 650 4065 rationem
677 4017 753 4065 habet
779 4023 875 4064 tantum
905 4014 954 4081 τῆς
979 4008 1183 4078 καταφράκτου
1202 4008 1298 4073 ἵππου,
1317 4010 1360 4075 qui
1378 4008 1445 4057 alibi'

265 4107 343 4171 (Plut.
364 4107 443 4155 Crass.
467 4104 509 4167 19)
529 4098 558 4154 οἱ
574 4099 698 4168 φύλακες
714 4100 760 4155 καί
771 4099 936 4170 πρόπομποι
948 4096 1080 4171 βασιλέως
1089 4101 1255 4165 appellantur.
1276 4098 1340 4146 Cum
1349 4097 1438 4146 eadem

265 4196 381 4246 custodia
407 4212 450 4245 sex
478 4195 576 4243 milium
604 4195 715 4259 equitum
743 4194 896 4243 Artavasdes
919 4208 987 4241 anno
1016 4201 1049 4254 53
1077 4197 1178 4238 venerat
1205 4188 1231 4235 in
1250 4192 1329 4235 castra
1348 4185 1438 4234 Crassi,

265 4288 354 4335 Altero
381 4287 442 4334 loco
472 4285 618 4333 Plutarchus
637 4283 784 4332 adnumerat
802 4275 855 4348 τὴν
881 4273 965 4347 ἀλλην
983 4272 1108 4339 ἱππείαν,
1127 4293 1177 4342 qua
1196 4275 1319 4324 Strabone
1337 4281 1439 4323 auctore

264 4392 308 4425 rex
327 4376 462 4424 Armenius
481 4374 596 4423 Antonio
617 4374 752 4439 opitulatus
772 4379 816 4422 est.

302 4466 328 4529 2)
365 4466 432 4513 Ante
459 4479 554 4529 paucos
574 4462 627 4511 dies
654 4462 679 4512 in
708 4478 796 4511 manus
815 4460 877 4509 mihi
896 4459 965 4509 venit
983 4456 1130 4517 „Bursians
1149 4451 1343 4519 Jahresbericht
1366 4450 1438 4501 VIII.

265 4555 353 4602 Erstes
378 4553 451 4619 Heft.
482 4551 575 4602 1881.”
604 4550 671 4599 unde
700 4550 791 4599 certior
818 4548 897 4597 factus
925 4563 981 4597 sum
1009 4561 1051 4593 me
1080 4543 1112 4591 ab
1131 4542 1182 4590 alio
1203 4535 1257 4589 esse
1280 4545 1438 4602 occupatum.

264 4646 363 4708 August
393 4643 527 4692 Btlrcklein
552 4642 578 4689 in
598 4641 782 4699 dissertatione,
811 4655 876 4705 quae
896 4637 991 4703 prodiit
1010 4634 1124 4684 Berolini
1143 4647 1211 4680 anno
1234 4628 1310 4691 1879,
1340 4627 1439 4687 iisdem,
