3292 5259
780 346 813 415 τε

205 504 428 584 Graecorum
477 502 677 596 titulorum,
728 534 819 606 quos
859 504 1138 581 'Seleucidarum
1184 496 1381 579 imitatione

204 635 417 708 Parthorum
457 658 564 730 reges
604 658 788 705 assumere
830 630 1006 721 solebant,
1045 632 1111 705 sed
1148 630 1274 704 melius
1300 658 1380 704 con⁴

204 758 335 832 sultum
369 758 664 831 fuissetnostrae
691 783 810 831 rerum
837 759 1081 831 Parthicarum
1110 758 1316 854 cognitioni,
1351 757 1381 829 si

205 910 271 982 pro
305 884 404 956 vanis
454 884 528 957 istis
568 884 841 981 cognominibus
882 885 1066 981 proprium
1108 883 1205 979 regis
1247 908 1380 955 nomen

205 1009 410 1105 inscriptum
444 1008 629 1081 haberent.
657 1009 744 1081 lnde
773 1010 906 1081 lactum
934 1025 1000 1097 est,
1036 1025 1074 1081 ut
1107 1034 1165 1081 res
1196 1008 1243 1079 sit
1273 1005 1381 1103 plena

205 1130 448 1213 molestiarum
485 1158 549 1205 eos
585 1133 752 1229 digerere
781 1149 817 1205 et
846 1132 893 1205 ad
920 1159 1023 1205 suum
1051 1158 1231 1231 quemque
1259 1148 1380 1204 aucto-

203 1284 280 1331 rem
299 1284 481 1345 revocare,
503 1282 598 1355 quae
619 1255 806 1330 difficultas
839 1257 908 1329 hoc
927 1284 1072 1356 quoque
1091 1272 1254 1354 augetur,
1282 1255 1380 1354 quod

203 1383 397 1455 drachmae
417 1379 720 1455 nullam'omnino
746 1383 919 1479 temporis
948 1400 1071 1457 notam
1089 1408 1177 1479 prae
1196 1409 1236 1455 se
1252 1383 1376 1454 lerunt.

202 1507 241 1579 ln
273 1507 539 1579 tetradrachma
563 1532 675 1580 annus
690 1524 727 1580 et
741 1508 874 1581 mensis
893 1508 1089 1581 secundum
1109 1505 1379 1579 Seleucidarum

204 1657 327 1705 aeram
351 1632 447 1705 incisi
473 1648 575 1723 sunt,
603 1659 728 1706 eorum
742 1650 864 1706 autem
889 1632 1032 1722 nullum,
1061 1632 1159 1732 quod
1174 1633 1297 1719 sciam,
1325 1656 1377 1704 re·

203 1773 344 1854 partum
369 1773 433 1847 est,
456 1757 554 1856 quod
574 1757 735 1830 Phraatis
753 1759 803 1829 lV
822 1774 981 1832 aetatem
996 1758 1197 1831 antecedat.
1228 1758 1287 1829 Ex
1306 1783 1379 1855 quo

202 1880 412 1955 Vaillantius
437 1883 571 1979 primus
591 1883 625 1954 in
649 1883 718 1956 hoc
744 1884 863 1957 stadio
892 1883 1046 1980 vestigia
1064 1882 1194 1979 posuit,
1224 1878 1323 1952 multi
1343 1884 1376 1976 Ι)
1477 1861 1479 1866 ’

202 2006 414 2080 exstiterunt
439 2007 504 2079 viri
529 2007 666 2097 eruditi,
702 2034 793 2106 quos
821 2008 1023 2104 argumenti
1048 1998 1379 2106 nequc'difficultas

203 2158 320 2230 neque
348 2132 546 2205 obscuritas
576 2133 757 2223 deterruit,
787 2133 976 2231 quominus
1002 2155 1167 2205 nummos
1187 2132 1379 2229 disponere

202 2273 239 2329 et
272 2258 495 2353 interpretari
527 2274 750 2347 conarentur,
779 2283 897 2356 neque
925 2257 1133 2354 negandum
1161 2274 1217 2330 est
1244 2255 1380 2331 utilissi·

202 2406 300 2454 mam
328 2407 392 2455 eos
418 2408 568 2479 operam
594 2409 763 2455 navasse:
791 2409 1017 2456 nummorum
1036 2398 1182 2455 caterva
1200 2381 1380 2478 indigesta
1438 2416 1441 2423 ·

202 2505 286 2580 olim
313 2522 350 2579 et
374 2508 518 2579 turbata
546 2533 637 2579 nunc
665 2507 811 2604 quidem
837 2507 884 2579 ad
913 2522 1051 2580 certum
1070 2506 1266 2605 quemdam
1286 2508 1378 2580 ordi-

202 2657 285 2704 nem
312 2631 460 2704 redacta
479 2648 552 2732 est,
580 2629 691 2704 multa
710 2632 829 2729 capita
842 2631 1012 2705 historiae
1027 2632 1212 2705 Parthicae
1228 2634 1379 2730 egregie

201 2753 425 2844 illustrarunt,
456 2757 713 2829 Arsacidamm
744 2758 885 2846 seriem,
917 2758 1039 2854 quoad
1067 2759 1143 2830 eius
1161 2758 1236 2830 fieri
1249 2759 1376 2854 potuit,

109 2936 111 2939 -
201 2881 468 2969 constituerunt,
499 2880 791 2979 chronologicam
827 2884 1004 2957 rationem
1031 2883 1183 2959 subinde
1211 2884 1378 2956 emenda·

201 3020 291 3075 runt.
351 3004 462 3097 Quod
495 3022 616 3078 autem
652 3008 797 3103 saepius
834 3008 869 3079 in
897 3008 1003 3079 rebus
1031 3007 1148 3079 dubiis
1174 3023 1223 3089 etv
1239 3008 1379 3080 incertis

202 3153 267 3199 usu
292 3129 400 3218 venit,
429 3145 467 3202 ut
494 3127 627 3203 scilicet
655 3132 718 3203 viri
747 3132 844 3203 docti
858 3131 1143 3204 testimoniorum
1162 3133 1379 3228 paucitatem

201 3249 258 3324 vel
286 3253 487 3326 absentiam
514 3278 580 3326 sua
608 3254 766 3351 fingendi
794 3270 832 3327 et
859 3256 1081 3328 coniectandi
1101 3272 1178 3330 arte
1193 3273 1378 3355 tamquam

200 3375 349 3474 explere
368 3394 406 3451 et
424 3403 660 3476 compensare
688 3380 866 3471 studeant,
896 3380 931 3452 id
955 3381 1011 3453 hic
1030 3408 1175 3479 quoque
1194 3383 1378 3455 observari

200 3519 331 3599 potest.
362 3504 545 3601 Imprimis¹
564 3505 723 3578 notanda
743 3521 798 3578 est
821 3503 1002 3578 Vaillantii
1024 3506 1185 3595 audacia,
1210 3506 1270 3604 qui
1284 3504 1379 3579 nulla

202 3645 299 3702 certa
326 3645 388 3702 aut
411 3627 588 3726 probabili
616 3630 753 3702 ratione
778 3630 915 3719 ductus,
940 3648 1048 3727 prout
1070 3631 1208 3703 animus
1227 3631 1375 3719 serebat,

202 3776 367 3827 nummos
397 3782 482 3829 suos
515 3754 562 3827 ad
587 3755 707 3828 varios
734 3755 947 3840 Parthorum
972 3779 1080 3850 reges
1108 3752 1250 3844 rettulit,
1282 3770 1320 3827 et
1342 3756 1377 3827 in

202 3876 349 3950 historia
371 3879 405 3950 in
419 3894 538 3951 tantos
553 3878 673 3951 incidit
688 3904 839 3969 erroreS,
871 3896 910 3953 ut
927 3880 989 3952 vix
1003 3880 1166 3953 excusari
1183 3880 1299 3976 possit
1317 3906 1373 3970 e0,

201 4001 300 4099 quod
321 4018 437 4075 morte
457 4002 656 4099 prohibitus
675 4020 741 4094 est,
771 4030 815 4077 ne
831 4001 991 4078 ultimam
1006 4030 1149 4077 manum
1165 4004 1266 4100 operi
1280 4004 1377 4076 adhi-

201 4126 313 4200 beret.
344 4127 402 4199 Ex
421 4151 492 4200 uno
511 4127 608 4201 disce
624 4152 760 4202 omnes
791 4130 851 4202 De
870 4129 1077 4202 Mithridate
1096 4129 1245 4224 Magno,
1267 4129 1376 4201 Arsa·

240 4314 262 4374 1)
300 4312 330 4377 J
360 4312 407 4360 Foi
439 4312 558 4373 Vaillant,
583 4314 761 4365 Arsacidarum
787 4312 927 4377 imperium.
957 4312 989 4364 L.
1015 4310 1049 4360 du
1069 4313 1140 4360 Four
1159 4313 1188 4359 de
1207 4313 1377 4377 Longuerue:

200 4402 313 4450 Annales
332 4402 518 4456 Arsacidarum.
537 4404 660 4463 Mimzmt,
676 4404 752 4455 Dese.
773 4402 818 4451 des
837 4401 905 4452 med.
926 4409 976 4451 ant.
996 4401 1040 4454 Gr.
1057 4409 1081 4450 et
1098 4402 1175 4453 Rom.
1194 4401 1225 4449 V.
1245 4403 1376 4451 Pellerin:

201 4492 305 4540 Recueil
333 4492 366 4541 de
395 4492 529 4541 Medailles
558 4493 590 4542 de
618 4492 691 4552 Rois,
711 4493 732 4540 Ι.
759 4490 883 4539 ῑΙιέςεοηίὶ.·
912 4489 1234 4553 IconographieGrecque
1254 4490 1303 4542 III.
1329 4492 1374 4539 Th.

204 4580 261 4629 Clcr.
294 4580 420 4644 Tychsen:
442 4582 488 4654 'De
516 4582 624 4630 nummis
643 4588 755 4631 veterum
775 4580 905 4629 Persarum
925 4580 1024 4627 Comm.
1043 4578 1088 4627 IV.
1105 4577 1217 4640 (Comm.
1237 4593 1289 4629 soc.
1310 4580 1373 4645 Reg.

200 4668 285 4717 scient.
305 4668 373 4718 Gott.
398 4669 485 4734 1813.)
