3292 5259
584 1632 720 1695 CAPUT
740 1635 918 1696 PRIMUM.

275 1902 338 1983 DE
380 1905 607 1991 FONTIBUS
651 1858 908 1990 HISTORIAE
953 1876 1245 1991 PARTfflcnsss

221 2432 477 2507 Arsacidarum
519 2458 695 2530 regnum,
739 2435 768 2506 si
810 2434 858 2507 ad
883 2436 1063 2531 'historiae
1100 2436 1344 2534 cognitionem

168 2573 362 2657 spectatur,
411 2583 482 2630 non
523 2557 701 2631 immerito
742 2585 893 2657 regnum
935 2561 1163 2633 tenebrarum
1192 2560 1342 2651 dixeris3

167 2685 262 2758 adeo
301 2709 346 2757 ea
384 2683 493 2756 vastis
532 2680 666 2755 lacunis
705 2684 896 2781 impedita,
941 2685 1035 2758 adeo
1061 2685 1181 2757 densis
1208 2682 1344 2757 nebulis
1447 2765 1448 2769 Ἰ

168 2810 325 2883 obducta
353 2823 418 2881 est.
472 2808 544 2879 Vix
572 2833 720 2881 necesse
749 2809 833 2880 mihi
861 2809 1021 2897 videtur,
1053 2824 1091 2881 ut
1119 2808 1257 2896 dicam,
1285 2804 1344 2879 ali-

168 2934 314 3030 quando
339 2932 446 3005 fuisse
472 2947 632 3028 tempus,
668 2958 741 3029 quo
768 2932 896 3005 harum
924 2959 1044 3006 rerum
1073 2932 1198 3004 notitia
1226 2928 1343 3002 multis

167 3056 346 3151 variisque
375 3070 559 3128 auctorum
587 3057 756 3152 operibus
785 3058 999 3153 consignata
1027 3052 1153 3127 melius
1182 3070 1219 3127 et
1243 3081 1343 3127 accu-

168 3179 278 3251 ratius
316 3204 398 3251 sese
435 3178 603 3267 haberet,
646 3179 744 3276 quod
771 3179 1010 3251 etiamsinon
1035 3176 1177 3251 aliunde
1204 3179 1343 3252 disertis

166 3303 286 3376 verbis
311 3304 526 3392 traderetur,
565 3303 636 3376 iam
664 3302 743 3376 sola
770 3301 969 3401 postularet
995 3303 1200 3377 recordatio
1225 3304 1344 3400 singu-

166 3426 248 3501 laris
276 3444 314 3502 et
341 3426 519 3526 splendidi
544 3426 631 3516 loci,
676 3455 785 3525 quem
811 3430 846 3501 in
874 3429 1103 3526 antiquorum
1128 3426 1344 3525 populorum

167 3554 258 3626 serie
299 3554 419 3626 Parthi
461 3554 683 3626 obtinebant.
738 3555 775 3626 A
816 3555 937 3651 parvis
976 3579 1210 3651 progressum
1240 3554 1343 3627 initiis
1392 3610 1396 3618 .

168 3702 293 3749 eorum
318 3677 507 3773 imperium
533 3701 620 3751 mox
646 3694 746 3751 tanta
771 3695 919 3777 ceperat
944 3680 1176 3767 incrementa,
1205 3693 1244 3750 ut
1272 3671 1361 3750 iam'

168 3800 374 3875 Mithridate
400 3803 432 3892 Ι,
476 3818 581 3876 sexto
609 3804 885 3892 Arsacidarum,
916 3818 1092 3899 regnante
1119 3817 1204 3898 post
1232 3800 1344 3876 multa

168 3942 206 3999 et
232 3926 306 4000 fere
326 3928 491 4000 continua
509 3925 604 4001 bella
622 3944 697 4001 tam
718 3944 843 4001 contra
861 3926 1071 4001 Seleucidas
1089 3953 1199 4024 quam
1219 3942 1343 3999 contra

167 4051 333 4148 Scythas,
362 4051 584 4142 Bactrianos,
613 4050 701 4126 alias
729 4052 896 4126 finitimas
921 4066 1051 4150 gentes
1076 4066 1239 4148 peracta,
1268 4077 1341 4123 om-

166 4199 230 4247 nes
264 4175 530 4272 propemodum
557 4174 786 4273 complexum
811 4178 858 4250 sit
884 4176 1236 4250 Achaemenidarum
1262 4202 1341 4272 pro-

166 4300 299 4373 vincias
339 4301 386 4373 ab
425 4300 610 4397 Euphrate
652 4300 699 4373 ad
727 4300 853 4373 Indum
881 4328 995 4399 usque
1021 4317 1058 4373 et
1082 4298 1183 4373 ultra.
1236 4300 1343 4372 Hanc

167 4424 304 4521 imperii
330 4423 613 4522 magnitudinem
638 4442 769 4521 postea
788 4452 934 4523 quoque
949 4422 1120 4523 singulari
1135 4424 1188 4496 usi
1203 4424 1343 4496 fortuna

167 4563 205 4619 et
228 4549 358 4621 virtute
384 4549 563 4645 integram
589 4551 791 4623 servabant.
821 4548 891 4623 Vel
918 4549 1075 4623 Romani
1101 4562 1156 4619 tot
1181 4548 1342 4644 gentium

167 4671 320 4746 victores
345 4690 383 4747 et
408 4674 609 4747 domitores
633 4673 828 4747 horrebant
847 4672 983 4748 celeres
1002 4671 1214 4746 Parthorum
1233 4671 1341 4765 impe·

1205 4810 1217 4848 1
