3292 5259
854 323 937 414 88¹

283 499 317 569 in
339 523 384 568 ea
415 476 517 592 parte
548 494 687 590 Syriae,
724 519 796 592 qua
823 490 918 564 nulla
947 491 1025 564 erat
1048 491 1230 564 Ciceronis
1251 472 1466 586 provinciae

283 600 450 716 propiori
489 643 662 715 magnum
700 617 808 714 igitur
846 632 924 689 erat
960 614 1166 712 periculum,
1204 641 1249 688 ne
1277 614 1401 686 Parthi
1432 614 1468 685 in

242 838 246 850 Α
283 742 444 818 Ciliciam
472 759 594 816 essent
626 743 800 838 irrupturi.
832 740 944 814 Simul
969 741 1104 814 audivit
1119 739 1285 813 Bibulum
1301 739 1467 812 nondum

284 894 365 941 esse
393 869 427 939 in
456 867 571 962 Syria,
603 883 640 938 et
668 866 834 940 Cassium
863 892 1005 939 omnem
1036 866 1231 938 exercitum
1261 864 1293 936 in
1322 863 1469 958 oppido

284 993 500 1066 Antiochiae
529 971 700 1063 inclusum
726 1007 861 1064 tenere.
896 994 929 1087 ι)

338 1119 441 1190 Nunc
469 1117 540 1190 iam
566 1116 764 1203 videamus
796 1115 883 1214 quid
910 1116 1038 1188 Cicero
1067 1116 1108 1186 in
1129 1131 1229 1187 tanta
1256 1141 1377 1187 rerum
1398 1131 1469 1185 tre-

219 1330 222 1335 ,
284 1242 468 1338 pidatione
504 1241 689 1337 peregerit
716 1242 764 1313 ad
793 1241 936 1312 hostem
966 1266 988 1312 a
1013 1239 1141 1313 finibus
1167 1238 1467 1335 propulsandum.

284 1368 364 1462 lpse
401 1367 504 1438 nobis
529 1366 659 1438 reddet
684 1367 843 1438 rationes
867 1365 964 1437 hisce
991 1365 1110 1438 verbis
1139 1361 1324 1459 epistolae,
1354 1389 1469 1460 quam

284 1515 380 1561 novo
395 1489 518 1561 nuntio
533 1487 642 1561 allato
656 1489 797 1584 scripsit
811 1489 859 1560 ad
873 1505 1036 1561 senatum
1058 1489 1119 1584 (ad
1131 1488 1231 1560 Fam.
1244 1487 1325 1560 XV.
1345 1512 1376 1559 1.
1395 1491 1446 1582 3.)
1461 1517 1467 1558 :

290 1615 388 1685 »His
421 1617 526 1687 rebns
553 1616 687 1702 allatis¹
717 1615 787 1686 etsi
811 1615 1048 1711 intelligebam
1076 1615 1183 1686 socios
1210 1613 1357 1710 infirme
1376 1614 1469 1716 ani-

284 1749 397 1811 matos
435 1765 507 1811 esse
551 1749 585 1811 et
622 1765 798 1812 czararnm
826 1766 950 1811 rernm
977 1741 1231 1834 exspectatione
1262 1749 1466 1828 snspensas,

284 1864 473 1958 sperabam
487 1873 604 1936 tamen
619 1890 684 1950 eos,
702 1864 755 1935 ad
763 1889 847 1959 picas
862 1865 937 1935 eane
946 1887 1159 1935 accesseram
1169 1864 1293 1959 qniqne
1302 1872 1469 1934 nostram

285 1989 594 2060 mansuetudinem
628 1989 940 2084 ,integritatemque
970 1997 1241 2082 perspexerant,
1278 1989 1469 2059 amiciores

276 2114 411 2207 popnlo
437 2113 603 2184 Romano
620 2138 692 2183 esse
699 2112 831 2208 factos,
852 2112 1018 2184 Ciliciam
1033 2111 1465 2208 antemfirmioremfore,

286 2237 323 2307 si
355 2216 544 2331 aepnitatis
576 2227 719 2308 nostrae
740 2238 927 2332 particeps
950 2236 1059 2332 facta
1095 2247 1189 2309 esset.
1235 2237 1283 2308 Et
1311 2238 1351 2309 ab
1389 2263 1468 2309 eane

285 2385 432 2432 cansam
459 2370 493 2431 et
518 2370 559 2432 nt
583 2361 872 2455 opprimerentur
898 2362 936 2447 ii,
968 2361 1033 2456 qni
1053 2386 1099 2432 ex
1129 2362 1281 2433 C‘ilicnm
1301 2361 1468 2456 gentem

286 2485 404 2556 armz's
446 2492 567 2569 essent,
612 2493 646 2556 ct
669 2495 711 2557 nt
734 2484 846 2556 nostes
873 2485 914 2570 is,
946 2485 1010 2580 qni
1033 2494 1121 2556 esset
1146 2485 1186 2556 in
1212 2484 1335 2580 Syrna,
1361 2485 1470 2556 sciret

286 2608 479 2679 enercitnm
485 2609 619 2702 papali
628 2608 793 2680 Romani
804 2635 874 2680 non
888 2609 988 2680 modo
1007 2635 1077 2680 non
1087 2587 1240 2708 recedere
1259 2610 1306 2680 iis
1325 2610 1467 2681 nantas

286 2733 419 2823 allatis,
449 2733 514 2803 sed
536 2732 643 2802 etnam
661 2732 818 2826 propias
837 2732 1001 2818 accedere,
1019 2733 1213 2804 enercitnm
1228 2733 1281 2803 ad
1300 2732 1467 2804 Tanrnm

285 2857 433 2930 institni
455 2851 610 2928 dncere.”
639 2855 764 2950 ltaque
792 2853 859 2927 iter
883 2855 1042 2950 perrexit
1068 2871 1105 2927 et
1132 2855 1179 2926 ad
1200 2855 1369 2950 Cybistra
1388 2879 1466 2951 pro-

285 3006 432 3078 gressus
461 2995 526 3067 est,
558 2978 654 3050 haud
679 2976 804 3077 procul
833 2980 880 3051 ab
906 2980 1091 3075 angustiis,
1115 3005 1208 3078 quae
1223 3004 1289 3075 per
1303 2980 1465 3052 Taurum

287 3120 447 3176 montem
475 3104 509 3174 in
536 3099 696 3175 Ciliciam
722 3103 865 3175 ducunt.
894 3104 977 3176 Hoc
1003 3102 1084 3177 loco
1112 3105 1267 3177 substitit
1288 3121 1325 3177 et
1349 3120 1467 3177 castra

286 3226 414 3322 posuit.
475 3226 599 3318 Quare
641 3225 803 3298 Taurum
840 3247 1012 3323 superare
1047 3245 1084 3300 et
1120 3245 1221 3302 recta
1256 3230 1290 3301 in
1324 3229 1466 3302 hostem

287 3349 461 3447 proficisci
486 3347 696 3446 neglexerit,
719 3351 796 3446 ipse
816 3352 962 3424 docebit
981 3353 1014 3424 in
1036 3350 1187 3449 epistola
1207 3354 1252 3426 ad
1274 3354 1462 3426 Catonem,

287 3475 334 3547 ad
372 3475 484 3546 'Fam
536 3474 617 3546 XV.
649 3496 683 3562 4.
716 3496 771 3562 4.;
807 3477 864 3547 »si
885 3502 938 3548 me
965 3477 1005 3548 in
1036 3479 1200 3549 Ciliciam
1226 3479 1461 3558 demisissent,

230 3575 236 3584 ⁸
289 3599 454 3670 Ciliciam
482 3599 621 3694 qnidam
649 3599 769 3692 ipsam
787 3609 943 3694 propter
966 3602 1097 3672 montis
1120 3602 1268 3674 Amani
1291 3613 1463 3676 natnram

283 3723 392 3813 facete
427 3723 652 3794 tenuissem.
768 3700 833 3794 sed
851 3711 908 3794 'ene
938 3725 1163 3819 Cappadocia
1189 3728 1350 3812 movebat,
1380 3751 1464 3823 qnae

279 3857 383 3942 patet
405 3873 428 3917 a
456 3846 569 3942 Syrna
597 3872 759 3944 regespnc
785 3847 890 3920 leobet
902 3849 1097 3944 finitimos,
1127 3851 1193 3946 qni
1215 3852 1360 3922 etiamsi
1382 3854 1465 3921 snnt

287 3971 379 4041 clam
407 3971 519 4041 amici
540 3972 649 4056 nobes,
680 3980 797 4043 tarreen
823 3982 943 4066 aperte
969 3973 1124 4045 Parthis
1149 3975 1291 4046 enime'ci
1305 4000 1376 4048 esse
1395 3997 1462 4044 non

288 4093 427 4165 andent.
463 4095 497 4187 2)
539 4094 662 4190 ltapne
696 4097 735 4166 in
776 4096 1001 4190 Cappadocia
1035 4106 1195 4169 extrema
1221 4124 1291 4169 non
1318 4099 1462 4193 langen

291 4282 479 4293 -.--,-

328 4384 352 4442 1)
370 4378 436 4426 Vide
463 4377 496 4426 ad
524 4379 576 4425 An.
597 4377 640 4460 ·V.
673 4376 713 4425 18.
738 4390 767 4437 1.,
787 4395 851 4443 quae
871 4379 980 4443 epistola
999 4379 1099 4428 duobus
1118 4380 1207 4430 diebus
1226 4389 1284 4446 post
1303 4383 1361 4431 data
1379 4388 1414 4430 est
1432 4393 1460 4426 ex

289 4469 375 4518 castris
394 4468 426 4515 ad
446 4467 568 4530 Cybistra.

326 4560 350 4616 2)
369 4557 442 4603 Haec
471 4555 546 4602 verba
576 4560 688 4618 spectant
717 4553 749 4602 ad
779 4570 863 4618 regern
893 4555 1049 4614 Armenium,
1072 4557 1169 4606 socium
1187 4565 1260 4623 atque
1279 4559 1381 4608 astinem
1399 4553 1460 4618 regis

288 4644 445 4693 Parthorum.
