3292 5259
774 368 808 425 l9

199 513 429 611 probabilem
454 515 593 588 reddat.
633 516 745 609 Quod
770 515 911 588 etiamsi
936 516 1082 589 minime
1108 516 1238 615 fugerit
1264 518 1379 590 virum

201 638 450 712 doctissimum
477 639 649 728 Visconti,
679 655 801 712 tamen
827 664 904 712 rem
933 639 1169 712 certissimam
1193 666 1274 713 esse
1294 641 1378 715 iudi·

201 764 308 836 cavit.
327 763 411 857 Qua
426 764 461 835 vi
478 778 772 859 argumentorum
783 762 958 835 adductus
970 762 982 833 ?
996 762 1096 835 Unus
1107 788 1154 835 ex
1163 764 1379 836 tribusnum·

201 888 271 959 mis
286 912 377 985 quos
390 888 470 983 regi
484 887 626 960 Phra'ati
641 886 784 975 addicit,
806 886 954 959 exhibet
975 885 1130 959 titulum:
1157 892 1382 960 ΒΑΣΙΛΕΩΣ

201 1032 419 1086 ΜΕΓΑΛΟΥ
464 1032 674 1085 ΑΡΣΑΚΟΥ
721 1032 913 1085 Amator
952 1032 1219 1085 ΕΠΙΦΑΝΟΥΣ
1261 1030 1384 1084 onor

202 1158 473 1213 urnanopon
484 1158 781 1211 urnunnnuon.
813 1137 889 1208 Iam
903 1135 971 1208 hoc
986 1161 1094 1207 unum
1107 1138 1306 1232 Enpntnnt
1320 1159 1380 1208 no-

202 1287 288 1334 men
316 1276 432 1334 totam
457 1288 534 1334 rem
563 1261 738 1335 conficere
759 1262 934 1357 opinatur.
964 1260 1125 1355 Nempe:
1148 1242 1381 1332 ›Lcsnnnnm

202 1390 246 1460 dn
272 1402 356 1473 θεός
380 1387 609 1483 dzstz'ngnnn't,
639 1387 787 1457 suivant
807 1385 981 1482 Phlegon,
1009 1382 1170 1455 Pnnaan
1195 1382 1386 1466 lll;celnz'

203 1512 409 1605 dEnpnton
431 1510 592 1582 convient
615 1514 638 1580 n
665 1534 700 1581 ce
713 1509 845 1604 pnn'nce
858 1542 870 1593 ,·
897 1508 931 1580 z'l
948 1507 1112 1601 expnnnn
1125 1529 1167 1577 sn
1181 1506 1380 1577 reconnais-

204 1659 309 1707 snncc
333 1634 458 1731 filz'nln
482 1642 583 1728 pann
614 1631 833 1718 Sannlnn'cns,
873 1629 947 1727 qui
983 1626 1143 1701 l'avait
1179 1626 1325 1700 admis
1359 1630 1382 1699 b

205 1774 572 1855 partageravec
599 1754 660 1828 lui
687 1754 914 1827 l’autorite
940 1749 1108 1849 royale.
1137 1752 1195 1824 Eo
1209 1751 1381 1824 audaciae

207 1882 410 1954 necessario
446 1880 634 1977 pervenire
670 1879 782 1952 debet
808 1879 1009 1976 quicunque
1032 1876 1133 1949 vanis
1161 1852 1236 1948 istis
1261 1872 1378 1963 titulis,
1455 1860 1461 1871 ⁸

208 2002 331 2101 quales
358 2004 600 2102 unusquisque
618 2003 877 2075 Arsacidarum
895 2026 1030 2096 magna
1049 2026 1129 2072 cum
1144 2000 1384 2073 ostentatione

190 2107 393 2201 'assumere
419 2125 571 2217 solebat,
599 2127 766 2216 abutitur,
795 2142 834 2199 ut
858 2125 967 2199 fidem
986 2123 1098 2197 addat
1116 2124 1327 2197 commentis
1348 2138 1385 2195 et

209 2253 477 2348 suspicionibus,
508 2278 602 2351 quae
635 2248 736 2324 nullis
765 2248 840 2323 aliis
869 2250 973 2322 certis
992 2248 1202 2322 testimoniis
1216 2248 1382 2319 nituntur.

262 2376 372 2447 Haud
406 2390 483 2448 erat
515 2372 656 2447 difficile
689 2372 808 2471 plures
841 2374 877 2445 id
903 2397 1018 2471 genus
1043 2397 1184 2446 errores
1211 2371 1381 2468 prolerre,

210 2498 275 2571 sed
309 2496 422 2572 libens
457 2498 525 2571 hoe
555 2499 813 2595 praetermitto.
856 2498 1023 2595 Namque
1055 2511 1094 2567 ut
1119 2521 1198 2567 sum
1222 2519 1383 2569 meamm

210 2622 319 2718 ipsius
337 2622 463 2694 virium
482 2622 575 2695 bene
595 2622 767 2711 conscius,
789 2618 836 2692 nil
855 2621 970 2693 minus
989 2646 1048 2693 me
1068 2619 1198 2692 decere
1212 2615 1381 2715 intelligo,

210 2772 319 2844 quam
337 2762 376 2819 ut
396 2746 483 2819 data
501 2772 614 2842 opera
633 2746 822 2819 corradam
842 2746 972 2834 omnia,
1001 2744 1130 2842 quibus
1148 2765 1232 2815 mea
1249 2741 1384 2813 medio-

210 2870 314 2941 critas
355 2870 389 2940 in
428 2871 524 2943 viros
550 2871 687 2967 optime
714 2870 761 2943 de
791 2868 916 2943 litteris
942 2868 1089 2941 meritos
1116 2865 1233 2938 invehi
1257 2864 1390 2960 possit„

209 2994 402 3065 Praeterea
417 2992 473 3065 vel
488 2994 538 3067 sic
551 2994 653 3066 huius
669 2994 794 3090 capitis
804 2991 996 3089 'proposito
1011 2988 1155 3061 abunde
1164 2987 1384 3059 satisfactum

211 3129 284 3204 est,
321 3115 357 3186 id
383 3116 478 3188 enim
504 3142 612 3188 unum
638 3117 830 3189 ostendere
854 3099 960 3201 volui,
988 3137 1097 3209 quam
1122 3111 1168 3183 sit
1187 3110 1323 3182 'misera
1348 3124 1385 3181 et

210 3235 379 3312 lacunosa
397 3240 584 3313 Parthicae
601 3240 770 3312 historiae
784 3238 952 3326 conditio,
979 3250 1069 3333 quot
1083 3235 1198 3308 fontes
1212 3232 1385 3329 temporis

209 3352 387 3458 rapacitas
413 3364 644 3461 absorpserit,
674 3389 783 3461 quam
808 3349 943 3459 paucos
969 3360 1073 3433 nobis
1100 3356 1291 3456 reliquerit.
