3292 5259
837 293 872 363 16

264 466 423 549 cidarum
451 474 559 567 non0,
595 502 711 575 neque
737 468 809 575 quo
838 502 932 550 anno
960 491 1116 550 mortem
1148 464 1287 565 obierit,
1323 486 1443 573 neque

265 602 343 699 quis
369 602 401 674 ei
429 602 651 691 successerit,
680 627 726 673 ne
745 601 949 675 coniectura
976 600 1122 699 quidem
1147 602 1290 700 assequi
1317 627 1444 697 possu-

265 752 354 799 mus.
401 725 512 820 Quod
549 726 644 799 enim
680 726 928 799 Mommsenus
954 730 990 819 ι)
1020 751 1103 798 eum
1130 752 1153 799 a
1181 726 1289 799 fratre
1315 724 1443 797 Orode
1508 774 1511 778 -

265 852 397 923 victum
425 866 463 923 et
488 851 710 923 intersectum
730 852 849 940 tradit,
880 852 914 923 in
934 878 980 925 eo
999 852 1066 924 sibi
1085 852 1220 947 imponi
1241 876 1367 947 passus
1387 866 1444 923 est

266 976 369 1072 gravi
384 974 501 1046 lustini
521 1001 653 1065 errore,
671 992 710 1048 ut
723 1003 788 1049 suo
803 975 884 1050 loco
898 976 1087 1073 perspicue
1103 976 1438 1049 demonstrabimus.

267 1100 460 1196 Superstes
497 1116 574 1173 erat
601 1100 828 1174 Mithridates
856 1102 949 1174 circa
976 1127 1108 1175 annum
1137 1125 1189 1192 90
1215 1128 1246 1174 a.
1279 1102 1319 1173 C.
1345 1093 1443 1189 n],'si

268 1225 412 1323 quidem
433 1225 581 1298 credere
600 1221 705 1298 liceat
732 1224 859 1299 Flavio
881 1225 1047 1322 Iosepho,
1078 1225 1137 1324 qui
1165 1228 1200 1321 2)
1232 1225 1443 1321 participem

268 1375 350 1422 eum
366 1350 472 1423 luisse
489 1351 643 1424 affirmat
665 1349 840 1425 bellorum
855 1352 1147 1441 domesticorum,
1165 1344 1292 1450 quibus
1305 1350 1341 1422 id
1355 1366 1443 1423 tem-

268 1476 365 1571 poris
385 1476 537 1548 ardebat
554 1477 657 1574 regia
671 1477 800 1550 domus
815 1475 1094 1550 Seleucidarum.
1125 1478 1198 1572 Qui
1212 1477 1347 1574 primus
1361 1492 1445 1573 post

269 1599 438 1674 illumrex
447 1602 658 1675 Parthorum
668 1618 981 1692 commemoratur,
995 1602 1235 1676 Sanatroeces
1242 1627 1336 1675 anno
1349 1621 1394 1694 77
1404 1605 1442 1698 3)

269 1751 387 1798 rerum
415 1726 549 1823 potitus
577 1742 642 1799 est.
674 1727 733 1799 De
761 1742 840 1800 toto
867 1727 936 1800 hoc
955 1727 1129 1824 temporis
1148 1723 1333 1799 intervallo
1351 1722 1447 1798 nulla

168 1831 172 1839 ⁴
270 1851 367 1948 apud
394 1867 537 1924 veteres
555 1861 731 1925 ‘auctores
756 1852 931 1925 memoria
950 1868 1079 1943 exstat,
1110 1852 1175 1925 nisi
1194 1852 1292 1951 quod
1312 1851 1446 1924 Strabo

271 1994 308 2050 et
322 1964 528 2050 Plutarchus
544 1978 660 2051 obiter
674 1994 859 2068 testantur,
876 2002 1029 2075 regnum
1043 1978 1246 2051 Parthicum
1260 1975 1447 2050 discordiis

271 2103 478 2176 domesticis
506 2118 544 2175 et
574 2099 670 2175 bello
697 2103 873 2177 Armenio
901 2104 1134 2176 vehementer
1165 2102 1360 2176 laborasse.
1408 2100 1447 2173 ln

271 2244 372 2301 tanta
404 2225 555 2323 caligine
594 2252 664 2300 una
702 2230 831 2325 opinor
867 2229 958 2301 ratio
999 2254 1088 2301 sana
1120 2245 1176 2301 est
1202 2254 1329 2301 eorum
1356 2250 1448 2326 quos

272 2354 512 2451 ignorantiam
530 2352 641 2427 libere
664 2353 823 2450 profiteri
842 2379 913 2426 non
932 2354 1077 2451 pudeat.
1101 2352 1199 2447 Quid
1218 2367 1339 2425 autem
1353 2348 1449 2424 Vail·

273 2478 420 2552 lantius?
439 2480 556 2566 Mitto,
579 2479 677 2577 quod
690 2479 905 2552 Mithridatis
916 2496 1070 2553 mortem
1085 2479 1132 2551 ad
1143 2494 1279 2551 certum
1293 2475 1447 2575 aliquem

273 2629 405 2677 annum
430 2602 581 2695 rettulit,
611 2604 680 2677 hoe
700 2604 793 2677 enim
818 2604 1029 2677 temeritatis
1048 2604 1181 2676 crimen
1199 2602 1350 2675 sustinet
1368 2627 1448 2673 cum

272 2726 348 2803 aliis
376 2726 504 2817 multis,
534 2732 572 2825 4)
604 2729 663 2827 qui
690 2754 756 2801 suo
772 2728 945 2801 arbitratu
969 2727 1026 2801 alii
1045 2727 1152 2801 alium
1180 2754 1313 2800 annum
1339 2724 1445 2819 tinge-

273 2835 360 2927 bant
394 2870 431 2926 et
465 2853 685 2926 confidenter
716 2853 938 2945 statuebant,
967 2852 1024 2927 ille
1055 2869 1177 2927 autem
1201 2850 1313 2949 longe
1337 2852 1443 2945 impu-

272 2979 412 3052 dentius
431 2978 653 3052 coniectandi
672 2977 804 3051 libidini
828 2979 979 3055 indulsit.
1011 2980 1061 3053 Ut
1074 2978 1238 3052 lacunam
1253 2979 1287 3050 in
1302 2974 1448 3049 historia

276 3178 436 3188 ......-—-.—

314 3296 339 3359 1)
374 3296 489 3345 Historia
508 3296 625 3346 Romana
645 3296 672 3347 11
693 3296 751 3347 268.
771 3296 838 3346 Vide
857 3298 1039 3347 dissertationis
1057 3299 1175 3364 paginam
1195 3312 1237 3363 24.

214 3376 217 3381 ¹
313 3386 339 3449 2)
375 3387 446 3437 Flav.
466 3387 598 3452 Iosephus,
619 3388 694 3449 XIII,
718 3401 756 3449 14,
778 3401 802 3449 3.
1340 3366 1343 3371 Ι

313 3478 340 3542 3)
382 3477 434 3525 Hic
461 3494 541 3525 annus
566 3476 694 3540 colligitur
721 3492 752 3525 ex
780 3476 903 3537 Lucian0,
932 3478 1062 3541 Longaev.
1088 3489 1136 3541 15:
1155 3472 1351 3543 Σινατροάκης
1377 3470 1409 3529 dl
1435 3468 1451 3529 ὃ

278 3563 456 3629 Παρθυαίων
483 3558 614 3635 βασιλεὺς
641 3560 702 3625 ἔτος
729 3559 921 3632 ὀγδοηκοστὸν
945 3560 1001 3632 ἤδη
1026 3561 1146 3633 γεγονὼς
1172 3560 1228 3618 άπά
1254 3562 1454 3632 Σακαυράκων

277 3648 402 3701 Σκυθῶν
428 3648 583 3717 καταχθεὶς
610 3645 768 3719 βασιλεύειν
793 3644 897 3716 ἤρξατο
925 3647 973 3702 nul
999 3643 1178 3720 ἕβασίίευσεν
1204 3645 1252 3719 ἔτη
1280 3644 1360 3703 ἕπτά.
1379 3662 1404 3703 et
1422 3670 1454 3703 ex

277 3741 418 3804 Phlegonte
446 3740 575 3788 Tralliano
604 3740 630 3788 in
658 3740 759 3800 Photio,
787 3741 845 3789 cod.
866 3751 907 3803 97,
929 3758 986 3805 pag.
1008 3741 1076 3791 268:
1104 3744 1182 3791 Anno
1201 3743 1274 3793 tertio
1294 3743 1454 3808 Olympiadis

281 3841 338 3892 177,
357 3830 373 3877 i.
393 3844 413 3889 e,
426 3842 493 3876 anno
506 3839 538 3889 70
554 3821 751 3896 Σινατροάιιην
760 3822 810 3879 τὸν
824 3823 952 3894 Πάρθων
962 3825 1077 3898 βασιλέα
1089 3825 1296 3898 τελευτήσαντα
1305 3826 1453 3895 διεδέξατο

280 3912 411 3984 Φραάτης
439 3908 453 3969 ὁ
483 3906 645 3981 ἐπικληθεὶς
670 3912 772 3975 θεός.
792 3919 925 3983 Appianas
943 3918 1096 3986 (Mithridat.
1118 3923 1178 3986 104)
1197 3938 1254 3972 eum
1273 3922 1454 3971 Sintricum

278 4009 397 4074 appellat,
425 4008 470 4057 sed
495 4023 582 4056 verum
600 4022 693 4055 nomen
712 4014 780 4071 patet
800 4023 831 4055 ex
850 4024 961 4066 numm0,
982 4009 1026 4073 qui
1044 4010 1111 4058 hunc
1130 4010 1230 4059 titulum
1249 3998 1368 4060 exhibet}
1397 4012 1454 4061 BA-

278 4096 428 4147 ΣΙΛΕΩΣ
463 4092 651 4147 ΜΕΓΑΛΟΤ
683 4095 961 4150 ΣΑΝΑΤΡΟΙΚΟῬ
992 4098 1169 4151 ΑΡΣΑΚΟῬ
1198 4099 1458 4151 ΘΕΟΠΑΤΟΡΟΣ

281 4177 517 4233 ΕῬΕΡΓΕΤΟΤ.
537 4180 573 4230 Cf.
595 4181 717 4243 Visconti,
735 4168 854 4247 Iconogr.
874 4183 989 4249 Grecque
1009 4185 1058 4235 III.
1077 4200 1135 4250 pag.
1157 4197 1197 4247 74.
1217 4185 1332 4245 Pellerin,
1349 4185 1455 4235 Recueil

280 4270 313 4320 de
332 4268 402 4319 Med.
423 4286 481 4334 pag.
505 4283 561 4331 144.

315 4364 344 4420 4)
364 4360 397 4408 Ut
424 4359 476 4407 fieri
500 4375 544 4423 par
573 4366 610 4407 est
636 4359 662 4407 in
693 4375 719 4407 re
749 4367 800 4409 tam
829 4361 932 4421 incerta,
961 4376 1050 4411 omnes
1076 4362 1231 4413 dissentiunt.
1252 4365 1364 4413 Vaillant
1383 4363 1456 4413 statui

266 4431 374 4498 vannum
402 4446 443 4514 88,
472 4448 504 4496 de
532 4448 683 4511 Longuerue
712 4462 754 4511 90,
783 4451 900 4514 Tychsen
926 4450 966 4510 88,
988 4452 1106 4502 Mionnet
1124 4460 1149 4502 et
1166 4454 1282 4502 Visconti
1301 4470 1394 4503 annum
1413 4452 1455 4504 86.

282 4538 356 4586 Solus
388 4538 572 4587 Mommsenius
604 4540 652 4604 (H.
681 4540 713 4588 R.
743 4542 769 4588 II
802 4540 862 4602 268)
888 4542 930 4606 qui
957 4543 1030 4607 ponit
1057 4558 1151 4591 annum
1170 4542 1212 4603 87,
1232 4543 1368 4607 prudenter
1386 4543 1457 4591 addit

281 4626 380 4691 signum
391 4627 602 4690 interrogationis
