3292 5259
1096 254 1108 285 Χ

303 444 371 480 LIVII
391 444 609 483 EPITOMATOREs
935 446 1116 485 PLUTARCHUS
1126 470 1136 491 .

275 595 375 644 modum
387 596 525 659 grandinis
534 596 638 660 quidam
675 595 791 644 stantiam
819 595 1014 644 admirationem
1032 596 1144 646 hostium
1163 595 1281 644 movisse.
1301 594 1373 656 Quae
1391 608 1454 642 vero

267 686 342 751 sorte
369 685 443 749 quasi
467 686 533 733 docti
546 692 639 750 procu·
676 702 691 734 a
716 684 795 733 Floro
813 685 874 732 loco
893 684 1047 733 alienissimo
1061 684 1153 733 inserta
1171 691 1236 744 sunt,
1264 700 1294 733 ea
1312 690 1377 732 recte
1396 682 1455 730 Plu-

275 772 382 821 buissent
404 774 432 822 in
447 791 531 839 genua
551 774 640 823 milites
675 775 774 823 tarchus
795 781 985 833 commemorat,
1005 774 1047 823 ubi
1067 775 1153 823 hostes
1162 773 1320 839 insequendo
1330 774 1455 822 abstitisse

133 936 136 943 1
203 882 206 887 ·
275 870 299 909 et
315 862 386 911 elatis
400 871 480 927 supro
495 864 638 928 capitoseu·
676 864 800 916 dicuntur.
830 863 868 913 cf.
898 865 963 913 Plut.
982 878 1035 927 49:
1064 856 1101 921 ὡς
1122 855 1176 930 γάρ
1194 856 1273 913 εἶδον
1291 856 1321 913 oi
1337 856 1456 926 Πάρθοι

275 950 307 999 tis
320 968 447 1001 caesorum
456 953 637 1019 speeiemprae-
675 946 725 1004 τὸν
751 945 880 1019 ποταμδν
906 947 957 1011 τάς
983 969 1012 1004 τε
1039 947 1144 1020 νεύρας
1171 946 1282 1019 ἀνῆκαν
1308 948 1356 1002 καὶ
1380 950 1454 1015 θαρ-

276 1039 388 1089 buisseut.
430 1042 500 1091 Tunc
523 1044 638 1092 Parthus
676 1040 796 1106 ρούντας
813 1032 946 1093 ἕκίλεοον
963 1039 1104 1105 διαπερᾶν
1120 1035 1187 1100 τούς
1202 1034 1356 1107 Ῥωμαίους
1366 1034 1455 1091 πολλὰ

276 1145 351 1176 armes
368 1129 485 1181 inhibuit.
501 1131 570 1179 Dein
581 1148 639 1179 rur·
677 1123 728 1196 τὴν
746 1122 854 1196 ἀρετὴν
873 1121 969 1179 αὐτῶν
987 1121 1213 1196 ἐγκωμιάζοντες.

275 1234 317 1267 sus
344 1234 401 1266 cum
428 1235 452 1266 se
472 1218 584 1268 Romani
601 1236 641 1267 ex·

276 1306 396 1367 tulissent,
425 1308 485 1357 odeo
504 1324 543 1356 res
562 1308 639 1356 mira-

277 1396 330 1446 culo
350 1396 416 1462 fuit,
445 1406 476 1445 ut
501 1413 551 1445 nou
575 1413 642 1445 unies

277 1500 309 1533 ex
335 1480 453 1533 barbaris
480 1483 578 1532 miserit
604 1500 644 1533 vo-

277 1588 346 1622 cem:
371 1572 420 1630 „ite
444 1580 469 1620 et
486 1572 550 1619 hene
568 1571 647 1620 valete

277 1660 405 1710 Romani!
431 1660 528 1709 Merito
545 1660 648 1710 vosvie·
706 1668 709 1672 '
751 1652 753 1655 ⁵

277 1759 342 1799 tores
362 1751 443 1815 fama
467 1753 582 1815 gentium
602 1750 637 1798 lo-

279 1822 376 1904 quitur,
415 1838 461 1904 qui
487 1840 647 1889 Parthorum
698 1892 703 1909 χ

279 1930 328 1978 telo
340 1928 474 1994 fugistis.'’

318 2109 424 2157 Orosius
443 2110 487 2157 VI.
508 2110 645 2171 192Proe-
717 2110 781 2160 Plut.
809 2119 861 2172 45:
890 2106 949 2160 Koch
972 2101 1050 2175 λιμὸς
1073 2099 1178 2176 ἥπτετο
1208 2106 1259 2159 τού
1278 2106 1456 2173 στρατοῦ....

281 2208 352 2247 terea
368 2199 468 2249 incertis
484 2198 651 2263 etigrnotisre-
685 2193 859 2264 τραπόμενοι
877 2194 908 2251 δὲ
926 2192 997 2266 πρὸς
1015 2192 1123 2265 λάχανα
1140 2194 1191 2249 καὶ
1210 2189 1461 2263 ῥίζαςύλίγοιςμὲν

277 2287 643 2352 giouislocisimpeditusgra·
679 2278 866 2354 ἐνετύγχανον
900 2286 957 2338 τῶν
992 2281 1132 2352 συνήθων,
1169 2280 1394 2353 ἀναγκαζόμενοι
1429 2278 1461 2335 δὲ

282 2377 421 2425 vissima
435 2376 518 2425 fame
537 2377 576 2424 ad
595 2392 641 2425 ne·
678 2374 838 2439 πειρᾶσθαι
856 2372 977 2427 καὶτῶν
996 2370 1140 2441 ἀγεύστων
1149 2368 1289 2438 πρότερον
1297 2366 1410 2441 ἥψαντό
1420 2390 1460 2425 τι·

285 2466 406 2516 fandos
435 2467 526 2515 cibos
551 2481 640 2515 coac·
675 2482 723 2524 νος
740 2460 814 2525 πόας
833 2458 880 2517 ἐπὶ
896 2460 1026 2517 θάνατον
1044 2457 1092 2515 διὰ
1109 2462 1212 2530 μανίας
1230 2456 1364 2530 ἀγούσης.
1380 2464 1436 2515 κτλ.

283 2562 334 2604 tus
350 2563 406 2605 est.
445 2555 532 2604 Sextus
551 2554 640 2604 Rufus.
714 2556 779 2605 Plut.
815 2567 868 2617 47:
905 2550 962 2606 Καὶ
987 2548 1017 2605 τὸ
1046 2552 1131 2618 δίψος
1161 2544 1306 2604 ἐπέτεινεν
1331 2546 1346 2603 ὁ
1377 2546 1461 2618 ἀγών·

290 2644 337 2693 18:
371 2645 431 2693 Cum
460 2643 558 2703 fame,
578 2660 644 2708 pes·
682 2635 861 2709 ἀμυνόμενοι
892 2638 946 2710 γάρ
973 2635 1031 2710 ἅμα
1058 2640 1193 2709 προῆγον.
1238 2636 1276 2694 Oi
1299 2635 1330 2692 ot
1353 2638 1462 2705 Ιπρῶτοι

284 2732 435 2791 tuentia,
454 2739 649 2797 tempesta·
685 2730 848 2800 βαδίζοντες
885 2724 1088 2799 ἐντυγχάνουσι
1121 2729 1238 2801 ποταμῷ
1273 2724 1380 2797 ψυχρὸν
1407 2722 1459 2793 μὲν

286 2822 457 2887 tibusque
472 2828 642 2885 premeretur.
680 2814 771 2887 ἔχοντι
792 2815 842 2871 καὶ
860 2814 987 2886 διαυγές,
1013 2811 1138 2886 ἀλμυρδν
1156 2814 1187 2870 δὲ
1206 2814 1254 2870 καί
1271 2812 1465 2882 φαρμακῶδες,

321 2910 649 2976 EutropiusVH.6:regre-
686 2900 773 2974 ύδωρ,
809 2901 827 2960 ίί
863 2902 956 2959 ποθὲν
984 2901 1074 2967 stote
1101 2901 1207 2968 ὀδύνας
1236 2897 1383 2972 ἑλκομένης
1408 2898 1458 2967 τῆς

281 3002 352 3067 piens
381 3011 464 3050 tamen
494 3002 506 3050 f
514 3018 585 3051 ame
617 3008 650 3051 et
684 2998 791 3059 κοιλίας
813 2994 929 3050 καὶτοῦ
948 2997 1051 3064 δίψους
1069 2990 1301 3064 ἀναφλεγομένου
1318 2994 1460 3059 παρεῖχεν.

284 3092 486 3158 pestilentia
504 3091 636 3141 loboravit.
711 3090 763 3139 Dio
783 3095 855 3141 tacet.

320 3180 411 3228 Florus
440 3179 485 3228 IV.
517 3191 562 3227 10:
588 3180 648 3228 Nou

285 3269 370 3318 minor
387 3285 418 3316 ex
427 3267 560 3331 oiopostea
572 3284 649 3331 quom

285 3360 315 3407 ab
346 3356 454 3406 hostibus
477 3363 573 3420 occepta
600 3357 648 3404 elo·

285 3449 332 3497 des.
343 3448 441 3512 Infesta
443 3444 563 3510 primum
582 3444 642 3493 siti

285 3535 371 3599 regio,
413 3544 467 3583 tum
497 3532 645 3598 quibusdam

285 3624 486 3675 salmacidae
517 3622 649 3671 infesti-

285 3726 385 3771 ores,
441 3711 646 3781 novissime

286 3818 374 3867 quae
399 3802 465 3849 iam
494 3801 648 3849 abinva·

267 3889 646 3939 ·lidisetavidehau·

286 3979 484 4029 riebantur
529 3993 647 4025 noxae

287 4068 514 4134 etiamndulces
533 4066 628 4116 suere.

323 4248 414 4295 Florus
442 4246 486 4295 IV.
515 4258 563 4293 10:
587 4244 649 4292 Cum
722 4244 806 4292 Verba
835 4242 906 4296 Flori
931 4244 990 4292 satis
1018 4244 1126 4292 obscura
1156 4249 1268 4308 spectant
1293 4241 1326 4290 ad
1354 4256 1465 4305 eaquae

287 4344 421 4400 argeutum
436 4335 489 4384 eius
500 4334 598 4400 passim
613 4333 652 4381 do·
690 4333 821 4381 traduntur
849 4350 864 4381 a
892 4333 958 4384 Plut.
983 4333 1035 4394 48:
1068 4324 1151 4381 αὐτοὶ
1184 4325 1216 4381 δὲ
1244 4322 1356 4387 ἕαυτοῐς
1376 4323 1466 4379 νύκτα

288 4424 366 4473 labris
375 4423 551 4484 concideretur,
561 4421 646 4469 etsub-
684 4415 885 4485 χαλεπωτάτην
918 4418 1016 4471 πασῶν
1051 4412 1163 4484 ἐκείνην
1189 4414 1237 4469 καὶ
1263 4410 1466 4487 φοβερωτάτην

288 4514 344 4563 iude
362 4513 429 4561 inter
447 4529 530 4561 moras
546 4518 650 4560 mortem
688 4500 923 4575 ἀπεργασάμενοι.
962 4501 1036 4566 Totis
1061 4500 1115 4573 γάρ
1141 4501 1259 4573 ἔχοντας
1285 4498 1421 4572 ἀργύριον
1446 4498 1466 4570 ἢ

288 4604 318 4650 ob
341 4602 484 4665 gladiatore
509 4618 553 4649 suo
571 4598 650 4665 flagi-
686 4596 801 4662 χρυσίον
828 4589 1049 4653 ἀποκτιννύντες
1076 4587 1181 4645 ἕσυλῶν
1204 4590 1253 4645 καὶ
1280 4587 1314 4645 τά
1337 4586 1467 4659 χρήματα
