<?xml version="1.0" encoding="UTF-8"?>
<!DOCTYPE html PUBLIC "-//W3C//DTD XHTML 1.0 Transitional//EN"
    "http://www.w3.org/TR/xhtml1/DTD/xhtml1-transitional.dtd">
<html xmlns="http://www.w3.org/1999/xhtml" xml:lang="en" lang="en">
 <head>
  <title>
</title>
<meta http-equiv="Content-Type" content="text/html;charset=utf-8" />
  <meta name='ocr-system' content='tesseract 3.04.00' />
  <meta name='ocr-capabilities' content='ocr_page ocr_carea ocr_par ocr_line ocrx_word'/>
</head>
<body>
  <div class='ocr_page' id='page_1' title='image "./quaestionespart00fenngoog_0098.png"; bbox 0 0 3292 5259; ppageno 0'>
   <div class='ocr_carea' id='block_1_1' title="bbox 844 351 880 405">
    <p class='ocr_par' dir='ltr' id='par_1_1' title="bbox 844 351 880 405">
     <span class='ocr_line' id='line_1_1' title="bbox 844 351 880 405; baseline 0 0"><span class='ocrx_word' id='word_1_1' title='bbox 844 351 880 405; x_wconf 84' lang='lat'><strong>82</strong></span> 
     </span>
    </p>
   </div>
   <div class='ocr_carea' id='block_1_2' title="bbox 247 516 1500 2602">
    <p class='ocr_par' dir='ltr' id='par_1_2' title="bbox 277 516 1458 739">
     <span class='ocr_line' id='line_1_2' title="bbox 277 516 1458 614; baseline -0.003 -20"><span class='ocrx_word' id='word_1_2' title='bbox 277 538 352 594; x_wconf 92' lang='lat' dir='ltr'><strong>tem</strong></span> <span class='ocrx_word' id='word_1_3' title='bbox 380 544 522 592; x_wconf 91' lang='lat' dir='ltr'><strong>summa</strong></span> <span class='ocrx_word' id='word_1_4' title='bbox 555 516 632 590; x_wconf 90' lang='lat' dir='ltr'><strong>laus</strong></span> <span class='ocrx_word' id='word_1_5' title='bbox 660 533 697 590; x_wconf 92' lang='lat' dir='ltr'><strong>et</strong></span> <span class='ocrx_word' id='word_1_6' title='bbox 725 542 867 591; x_wconf 89' lang='lat' dir='ltr'><strong>summa</strong></span> <span class='ocrx_word' id='word_1_7' title='bbox 895 518 1014 614; x_wconf 82' lang='lat' dir='ltr'><strong>gratia</strong></span> <span class='ocrx_word' id='word_1_8' title='bbox 1042 517 1247 614; x_wconf 91' lang='lat' dir='ltr'><strong>provinciae</strong></span> <span class='ocrx_word' id='word_1_9' title='bbox 1266 533 1458 613; x_wconf 89' lang='lat' dir='ltr'><strong>prosecuta</strong></span> 
     </span>
     <span class='ocr_line' id='line_1_3' title="bbox 278 646 414 739; baseline -0.029 -20"><span class='ocrx_word' id='word_1_10' title='bbox 278 660 344 719; x_wconf 92' lang='lat' dir='ltr'><strong>est.</strong></span> <span class='ocrx_word' id='word_1_11' title='bbox 381 646 414 739; x_wconf 75' lang='grc' dir='ltr'><strong>ι)</strong></span> 
     </span>
    </p>

    <p class='ocr_par' dir='ltr' id='par_1_3' title="bbox 247 765 1500 2602">
     <span class='ocr_line' id='line_1_4' title="bbox 333 765 1457 862; baseline -0.001 -23"><span class='ocrx_word' id='word_1_12' title='bbox 333 767 432 862; x_wconf 83' lang='lat' dir='ltr'>Quid</span> <span class='ocrx_word' id='word_1_13' title='bbox 474 766 602 840; x_wconf 88' lang='lat' dir='ltr'><strong>Cicero</strong></span> <span class='ocrx_word' id='word_1_14' title='bbox 640 766 778 839; x_wconf 86' lang='lat' dir='ltr'><strong>interea</strong></span> <span class='ocrx_word' id='word_1_15' title='bbox 816 790 882 861; x_wconf 91' lang='lat' dir='ltr'><strong>pro</strong></span> <span class='ocrx_word' id='word_1_16' title='bbox 917 790 983 837; x_wconf 91' lang='lat' dir='ltr'><strong>sua</strong></span> <span class='ocrx_word' id='word_1_17' title='bbox 1008 781 1113 861; x_wconf 88' lang='lat' dir='ltr'><strong>parte</strong></span> <span class='ocrx_word' id='word_1_18' title='bbox 1138 780 1267 861; x_wconf 86' lang='lat' dir='ltr'><strong>egerat</strong></span> <span class='ocrx_word' id='word_1_19' title='bbox 1294 765 1328 836; x_wconf 93' lang='lat' dir='ltr'><strong>in</strong></span> <span class='ocrx_word' id='word_1_20' title='bbox 1356 780 1457 838; x_wconf 91' lang='lat' dir='ltr'><strong>tanto</strong></span> 
     </span>
     <span class='ocr_line' id='line_1_5' title="bbox 279 887 1459 985; baseline -0.002 -20"><span class='ocrx_word' id='word_1_21' title='bbox 279 891 361 967; x_wconf 91' lang='lat' dir='ltr'><strong>belli</strong></span> <span class='ocrx_word' id='word_1_22' title='bbox 404 892 534 964; x_wconf 92' lang='lat' dir='ltr'><strong>timore</strong></span> <span class='ocrx_word' id='word_1_23' title='bbox 570 906 607 962; x_wconf 95' lang='lat' dir='ltr'><strong>et</strong></span> <span class='ocrx_word' id='word_1_24' title='bbox 646 887 822 962; x_wconf 86' lang='lat' dir='ltr'>tumultu?</span> <span class='ocrx_word' id='word_1_25' title='bbox 870 887 909 961; x_wconf 88' lang='lat' dir='ltr'><strong>Si</strong></span> <span class='ocrx_word' id='word_1_26' title='bbox 949 887 1014 983; x_wconf 91' lang='lat' dir='ltr'><strong>ipsi</strong></span> <span class='ocrx_word' id='word_1_27' title='bbox 1049 888 1191 973; x_wconf 85' lang='lat' dir='ltr'><strong>credas,</strong></span> <span class='ocrx_word' id='word_1_28' title='bbox 1222 888 1319 962; x_wconf 89' lang='lat' dir='ltr'><strong>baud</strong></span> <span class='ocrx_word' id='word_1_29' title='bbox 1345 914 1459 985; x_wconf 89' lang='lat' dir='ltr'><strong>parva</strong></span> 
     </span>
     <span class='ocr_line' id='line_1_6' title="bbox 280 1012 1459 1109; baseline -0.004 -19"><span class='ocrx_word' id='word_1_30' title='bbox 280 1033 382 1090; x_wconf 90' lang='lat' dir='ltr'><strong>erant</strong></span> <span class='ocrx_word' id='word_1_31' title='bbox 420 1016 496 1088; x_wconf 91' lang='lat' dir='ltr'><strong>eius</strong></span> <span class='ocrx_word' id='word_1_32' title='bbox 539 1015 676 1087; x_wconf 89' lang='lat' dir='ltr'><strong>merita.</strong></span> <span class='ocrx_word' id='word_1_33' title='bbox 721 1014 818 1085; x_wconf 84' lang='lat' dir='ltr'><strong>Audi</strong></span> <span class='ocrx_word' id='word_1_34' title='bbox 861 1012 973 1085; x_wconf 91' lang='lat' dir='ltr'><strong>modo</strong></span> <span class='ocrx_word' id='word_1_35' title='bbox 1011 1012 1128 1109; x_wconf 91' lang='lat' dir='ltr'><strong>ipsum</strong></span> <span class='ocrx_word' id='word_1_36' title='bbox 1166 1013 1199 1084; x_wconf 94' lang='lat' dir='ltr'><strong>in</strong></span> <span class='ocrx_word' id='word_1_37' title='bbox 1231 1012 1385 1109; x_wconf 90' lang='lat' dir='ltr'><strong>epistola</strong></span> <span class='ocrx_word' id='word_1_38' title='bbox 1410 1014 1459 1087; x_wconf 93' lang='lat' dir='ltr'><strong>ad</strong></span> 
     </span>
     <span class='ocr_line' id='line_1_7' title="bbox 280 1136 1459 1236; baseline -0.003 -21"><span class='ocrx_word' id='word_1_39' title='bbox 280 1142 441 1215; x_wconf 83' lang='lat' dir='ltr'><strong>Atticum</strong></span> <span class='ocrx_word' id='word_1_40' title='bbox 476 1155 617 1236; x_wconf 91' lang='lat' dir='ltr'><strong>partem</strong></span> <span class='ocrx_word' id='word_1_41' title='bbox 651 1137 766 1212; x_wconf 91' lang='lat' dir='ltr'><strong>laudis</strong></span> <span class='ocrx_word' id='word_1_42' title='bbox 801 1163 844 1210; x_wconf 92' lang='lat' dir='ltr'><strong>ac</strong></span> <span class='ocrx_word' id='word_1_43' title='bbox 869 1136 1007 1235; x_wconf 84' lang='lat' dir='ltr'><strong>gloriae</strong></span> <span class='ocrx_word' id='word_1_44' title='bbox 1035 1138 1101 1210; x_wconf 91' lang='lat' dir='ltr'><strong>sibi</strong></span> <span class='ocrx_word' id='word_1_45' title='bbox 1128 1137 1379 1211; x_wconf 91' lang='lat' dir='ltr'><strong>vindicantem.</strong></span> <span class='ocrx_word' id='word_1_46' title='bbox 1410 1140 1459 1212; x_wconf 91' lang='lat' dir='ltr'><strong>ad</strong></span> 
     </span>
     <span class='ocr_line' id='line_1_8' title="bbox 280 1243 1454 1356; baseline -0.003 -17"><span class='ocrx_word' id='word_1_47' title='bbox 280 1267 357 1339; x_wconf 82' lang='lat' dir='ltr'><strong>Att.</strong></span> <span class='ocrx_word' id='word_1_48' title='bbox 401 1266 446 1337; x_wconf 89' lang='lat' dir='ltr'><strong>V.</strong></span> <span class='ocrx_word' id='word_1_49' title='bbox 495 1287 554 1351; x_wconf 85' lang='lat'><strong>20,</strong></span> <span class='ocrx_word' id='word_1_50' title='bbox 601 1287 634 1356; x_wconf 81' lang='lat'><strong>3.</strong></span> <span class='ocrx_word' id='word_1_51' title='bbox 651 1243 672 1335; x_wconf 66' lang='lat'><strong>:⁸</strong></span> <span class='ocrx_word' id='word_1_52' title='bbox 709 1265 892 1335; x_wconf 72' lang='lat' dir='ltr'><strong>›Raimare</strong></span> <span class='ocrx_word' id='word_1_53' title='bbox 919 1263 1091 1335; x_wconf 78' lang='lat' dir='ltr'><strong>adventas</strong></span> <span class='ocrx_word' id='word_1_54' title='bbox 1119 1264 1238 1335; x_wconf 77' lang='lat' dir='ltr'><em>nostri</em></span> <span class='ocrx_word' id='word_1_55' title='bbox 1261 1273 1294 1335; x_wconf 82' lang='lat' dir='ltr'><strong>et</strong></span> <span class='ocrx_word' id='word_1_56' title='bbox 1319 1265 1454 1348; x_wconf 79' lang='lat' dir='ltr'><strong>Cassia,</strong></span> 
     </span>
     <span class='ocr_line' id='line_1_9' title="bbox 247 1378 1460 1488; baseline -0.002 -24"><span class='ocrx_word' id='word_1_57' title='bbox 247 1378 250 1383; x_wconf 34' lang='grc'>’</span> <span class='ocrx_word' id='word_1_58' title='bbox 280 1393 347 1488; x_wconf 79' lang='lat' dir='ltr'><strong>qai</strong></span> <span class='ocrx_word' id='word_1_59' title='bbox 381 1390 597 1463; x_wconf 74' lang='lat' dir='ltr'><em>Antiochiae</em></span> <span class='ocrx_word' id='word_1_60' title='bbox 637 1389 829 1473; x_wconf 79' lang='lat' dir='ltr'><strong>tenebatur,</strong></span> <span class='ocrx_word' id='word_1_61' title='bbox 874 1388 1020 1459; x_wconf 72' lang='lat' dir='ltr'><strong>antistas</strong></span> <span class='ocrx_word' id='word_1_62' title='bbox 1061 1389 1206 1461; x_wconf 78' lang='lat' dir='ltr'><strong>accessit</strong></span> <span class='ocrx_word' id='word_1_63' title='bbox 1243 1397 1277 1460; x_wconf 80' lang='lat' dir='ltr'><strong>et</strong></span> <span class='ocrx_word' id='word_1_64' title='bbox 1305 1389 1460 1461; x_wconf 79' lang='lat' dir='ltr'><strong>Paetlee&#39;s</strong></span> 
     </span>
     <span class='ocr_line' id='line_1_10' title="bbox 279 1507 1500 1608; baseline -0.002 -20"><span class='ocrx_word' id='word_1_65' title='bbox 279 1517 389 1588; x_wconf 79' lang='lat' dir='ltr'><strong>leiaae</strong></span> <span class='ocrx_word' id='word_1_66' title='bbox 414 1515 563 1586; x_wconf 80' lang='lat' dir='ltr'><strong>e&#39;m&#39;eelus</strong></span> <span class='ocrx_word' id='word_1_67' title='bbox 590 1523 658 1586; x_wconf 81' lang='lat' dir='ltr'><strong>est:</strong></span> <span class='ocrx_word' id='word_1_68' title='bbox 684 1514 803 1608; x_wconf 78' lang='lat' dir='ltr'><strong>e&#39;lapae</strong></span> <span class='ocrx_word' id='word_1_69' title='bbox 829 1538 884 1584; x_wconf 86' lang='lat' dir='ltr'><strong>eas</strong></span> <span class='ocrx_word' id='word_1_70' title='bbox 911 1513 1062 1584; x_wconf 79' lang='lat' dir='ltr'><em>cedentes</em></span> <span class='ocrx_word' id='word_1_71' title='bbox 1090 1513 1135 1584; x_wconf 87' lang='lat' dir='ltr'><strong>ab</strong></span> <span class='ocrx_word' id='word_1_72' title='bbox 1162 1514 1287 1608; x_wconf 65' lang='lat' dir='ltr'><strong>oppida</strong></span> <span class='ocrx_word' id='word_1_73' title='bbox 1309 1515 1460 1586; x_wconf 77' lang='lat' dir='ltr'><em>Cassius</em></span> <span class='ocrx_word' id='word_1_74' title='bbox 1495 1507 1500 1517; x_wconf 45' lang='lat'><strong>¹</strong></span> 
     </span>
     <span class='ocr_line' id='line_1_11' title="bbox 281 1637 1457 1735; baseline 0.001 -24"><span class='ocrx_word' id='word_1_75' title='bbox 281 1641 459 1712; x_wconf 75' lang='lat' dir='ltr'><strong>insecutus</strong></span> <span class='ocrx_word' id='word_1_76' title='bbox 493 1664 569 1709; x_wconf 79' lang='lat' dir='ltr'><strong>rem</strong></span> <span class='ocrx_word' id='word_1_77' title='bbox 601 1638 682 1709; x_wconf 83' lang='lat' dir='ltr'><strong>deae</strong></span> <span class='ocrx_word' id='word_1_78' title='bbox 702 1637 834 1733; x_wconf 53' lang='lat' dir='ltr'><strong>gessit·</strong></span> <span class='ocrx_word' id='word_1_79' title='bbox 861 1661 931 1732; x_wconf 72' lang='lat' dir='ltr'><strong>aaa</strong></span> <span class='ocrx_word' id='word_1_80' title='bbox 960 1637 1000 1708; x_wconf 77' lang='lat' dir='ltr'><strong>in</strong></span> <span class='ocrx_word' id='word_1_81' title='bbox 1015 1637 1120 1735; x_wconf 71' lang='lat' dir='ltr'><strong>faga</strong></span> <span class='ocrx_word' id='word_1_82' title='bbox 1147 1664 1283 1735; x_wconf 73' lang='lat' dir='ltr'><strong>magna</strong></span> <span class='ocrx_word' id='word_1_83' title='bbox 1307 1641 1457 1712; x_wconf 78' lang='lat' dir='ltr'><strong>auctori·</strong></span> 
     </span>
     <span class='ocr_line' id='line_1_12' title="bbox 280 1759 1463 1859; baseline -0.001 -24"><span class='ocrx_word' id='word_1_84' title='bbox 280 1773 350 1836; x_wconf 79' lang='lat' dir='ltr'><strong>late</strong></span> <span class='ocrx_word' id='word_1_85' title='bbox 377 1762 516 1847; x_wconf 83' lang='lat' dir='ltr'><strong>Osaces,</strong></span> <span class='ocrx_word' id='word_1_86' title='bbox 543 1761 622 1833; x_wconf 83' lang='lat' dir='ltr'><strong>dax</strong></span> <span class='ocrx_word' id='word_1_87' title='bbox 643 1759 878 1847; x_wconf 74' lang='lat' dir='ltr'><strong>Parlleaeaae,</strong></span> <span class='ocrx_word' id='word_1_88' title='bbox 908 1763 1040 1832; x_wconf 80' lang='lat' dir='ltr'><strong>valerus</strong></span> <span class='ocrx_word' id='word_1_89' title='bbox 1065 1763 1309 1859; x_wconf 66' lang='lat' dir='ltr'><strong>accepiteapae</strong></span> <span class='ocrx_word' id='word_1_90' title='bbox 1323 1764 1463 1836; x_wconf 78' lang='lat' dir='ltr'><strong>e&#39;nteeie‘t</strong></span> 
     </span>
     <span class='ocr_line' id='line_1_13' title="bbox 272 1884 1460 1985; baseline -0.001 -26"><span class='ocrx_word' id='word_1_91' title='bbox 272 1888 497 1985; x_wconf 75' lang='lat' dir='ltr'><strong>paecespost</strong></span> <span class='ocrx_word' id='word_1_92' title='bbox 507 1886 638 1958; x_wconf 70' lang='lat' dir='ltr'><strong>deisbus.</strong></span> <span class='ocrx_word' id='word_1_93' title='bbox 655 1885 755 1956; x_wconf 78' lang='lat' dir='ltr'><strong>Erat</strong></span> <span class='ocrx_word' id='word_1_94' title='bbox 766 1885 806 1956; x_wconf 84' lang='lat' dir='ltr'><strong>e&#39;n</strong></span> <span class='ocrx_word' id='word_1_95' title='bbox 821 1884 935 1975; x_wconf 70' lang='lat' dir='ltr'><strong>Syria</strong></span> <span class='ocrx_word' id='word_1_96' title='bbox 945 1893 1107 1956; x_wconf 76' lang='lat' dir='ltr'><strong>nastrum</strong></span> <span class='ocrx_word' id='word_1_97' title='bbox 1123 1911 1248 1958; x_wconf 81' lang='lat' dir='ltr'><strong>acmen</strong></span> <span class='ocrx_word' id='word_1_98' title='bbox 1256 1886 1296 1958; x_wconf 80' lang='lat' dir='ltr'><strong>eie</strong></span> <span class='ocrx_word' id='word_1_99' title='bbox 1296 1885 1460 1982; x_wconf 72' lang='lat' dir='ltr'><strong>graeca.&#39;&#39;</strong></span> 
     </span>
     <span class='ocr_line' id='line_1_14' title="bbox 282 2008 1457 2105; baseline -0.001 -21"><span class='ocrx_word' id='word_1_100' title='bbox 282 2010 388 2084; x_wconf 92' lang='lat' dir='ltr'><strong>Nulla</strong></span> <span class='ocrx_word' id='word_1_101' title='bbox 412 2011 514 2083; x_wconf 90' lang='lat' dir='ltr'><strong>huius</strong></span> <span class='ocrx_word' id='word_1_102' title='bbox 538 2008 653 2082; x_wconf 91' lang='lat' dir='ltr'><strong>laudis</strong></span> <span class='ocrx_word' id='word_1_103' title='bbox 682 2008 857 2080; x_wconf 92' lang='lat' dir='ltr'><strong>memoria</strong></span> <span class='ocrx_word' id='word_1_104' title='bbox 885 2022 1004 2080; x_wconf 90' lang='lat' dir='ltr'><strong>exstat</strong></span> <span class='ocrx_word' id='word_1_105' title='bbox 1030 2009 1273 2105; x_wconf 74' lang='lat' dir='ltr'><strong>neque‘apud</strong></span> <span class='ocrx_word' id='word_1_106' title='bbox 1288 2010 1457 2098; x_wconf 80' lang='lat' dir='ltr'><strong>Dionem,</strong></span> 
     </span>
     <span class='ocr_line' id='line_1_15' title="bbox 283 2130 1461 2234; baseline -0.002 -25"><span class='ocrx_word' id='word_1_107' title='bbox 283 2162 400 2234; x_wconf 88' lang='lat' dir='ltr'><strong>neque</strong></span> <span class='ocrx_word' id='word_1_108' title='bbox 436 2134 534 2231; x_wconf 92' lang='lat' dir='ltr'><strong>apud</strong></span> <span class='ocrx_word' id='word_1_109' title='bbox 561 2131 799 2220; x_wconf 83' lang='lat' dir='ltr'>Plutarchum,</span> <span class='ocrx_word' id='word_1_110' title='bbox 830 2130 989 2230; x_wconf 77' lang='lat' dir='ltr'><strong>alioquin‘</strong></span> <span class='ocrx_word' id='word_1_111' title='bbox 1015 2131 1111 2214; x_wconf 86' lang='lat' dir='ltr'><strong>haud</strong></span> <span class='ocrx_word' id='word_1_112' title='bbox 1139 2158 1248 2230; x_wconf 88' lang='lat' dir='ltr'><strong>parce</strong></span> <span class='ocrx_word' id='word_1_113' title='bbox 1277 2134 1461 2208; x_wconf 83' lang='lat' dir='ltr'><strong>Ciceronis</strong></span> 
     </span>
     <span class='ocr_line' id='line_1_16' title="bbox 283 2256 1460 2355; baseline -0.003 -21"><span class='ocrx_word' id='word_1_114' title='bbox 283 2262 459 2334; x_wconf 82' lang='lat' dir='ltr'><strong>honorem</strong></span> <span class='ocrx_word' id='word_1_115' title='bbox 491 2257 770 2355; x_wconf 78' lang='lat' dir='ltr'><strong>praedicantem,</strong></span> <span class='ocrx_word' id='word_1_116' title='bbox 801 2272 840 2328; x_wconf 93' lang='lat' dir='ltr'><strong>ut</strong></span> <span class='ocrx_word' id='word_1_117' title='bbox 867 2271 997 2352; x_wconf 94' lang='lat' dir='ltr'><strong>sponte</strong></span> <span class='ocrx_word' id='word_1_118' title='bbox 1026 2256 1183 2329; x_wconf 92' lang='lat' dir='ltr'><strong>animum</strong></span> <span class='ocrx_word' id='word_1_119' title='bbox 1209 2258 1338 2331; x_wconf 90' lang='lat' dir='ltr'><strong>subeat</strong></span> <span class='ocrx_word' id='word_1_120' title='bbox 1362 2259 1460 2331; x_wconf 94' lang='lat' dir='ltr'><strong>dubi-</strong></span> 
     </span>
     <span class='ocr_line' id='line_1_17' title="bbox 283 2379 1460 2478; baseline -0.003 -20"><span class='ocrx_word' id='word_1_121' title='bbox 283 2386 383 2473; x_wconf 91' lang='lat' dir='ltr'><strong>tatio,</strong></span> <span class='ocrx_word' id='word_1_122' title='bbox 427 2409 512 2457; x_wconf 92' lang='lat' dir='ltr'><strong>num</strong></span> <span class='ocrx_word' id='word_1_123' title='bbox 549 2381 623 2454; x_wconf 89' lang='lat' dir='ltr'><strong>iure</strong></span> <span class='ocrx_word' id='word_1_124' title='bbox 659 2396 696 2453; x_wconf 90' lang='lat' dir='ltr'><strong>et</strong></span> <span class='ocrx_word' id='word_1_125' title='bbox 724 2380 853 2453; x_wconf 90' lang='lat' dir='ltr'><strong>merito</strong></span> <span class='ocrx_word' id='word_1_126' title='bbox 880 2405 1023 2452; x_wconf 81' lang='lat' dir='ltr'><strong>suarum</strong></span> <span class='ocrx_word' id='word_1_127' title='bbox 1052 2404 1170 2452; x_wconf 93' lang='lat' dir='ltr'><strong>rerum</strong></span> <span class='ocrx_word' id='word_1_128' title='bbox 1195 2382 1313 2478; x_wconf 80' lang='lat' dir='ltr'><strong>egerit</strong></span> <span class='ocrx_word' id='word_1_129' title='bbox 1340 2379 1460 2455; x_wconf 91' lang='lat' dir='ltr'><strong>lauda-</strong></span> 
     </span>
     <span class='ocr_line' id='line_1_18' title="bbox 284 2505 1457 2602; baseline -0.003 -19"><span class='ocrx_word' id='word_1_130' title='bbox 284 2527 411 2584; x_wconf 92' lang='lat' dir='ltr'><strong>torem.</strong></span> <span class='ocrx_word' id='word_1_131' title='bbox 441 2509 526 2601; x_wconf 81' lang='lat' dir='ltr'><strong>Qua</strong></span> <span class='ocrx_word' id='word_1_132' title='bbox 553 2505 600 2578; x_wconf 91' lang='lat' dir='ltr'><strong>de</strong></span> <span class='ocrx_word' id='word_1_133' title='bbox 625 2531 665 2578; x_wconf 92' lang='lat' dir='ltr'><strong>re</strong></span> <span class='ocrx_word' id='word_1_134' title='bbox 692 2521 731 2577; x_wconf 92' lang='lat' dir='ltr'><strong>ut</strong></span> <span class='ocrx_word' id='word_1_135' title='bbox 758 2521 894 2577; x_wconf 89' lang='lat' dir='ltr'><strong>rectum</strong></span> <span class='ocrx_word' id='word_1_136' title='bbox 913 2521 950 2576; x_wconf 86' lang='lat' dir='ltr'><strong>et</strong></span> <span class='ocrx_word' id='word_1_137' title='bbox 964 2529 1120 2602; x_wconf 87' lang='lat' dir='ltr'><strong>aequum</strong></span> <span class='ocrx_word' id='word_1_138' title='bbox 1136 2506 1267 2579; x_wconf 80' lang='lat' dir='ltr'><strong>seratur</strong></span> <span class='ocrx_word' id='word_1_139' title='bbox 1282 2507 1457 2592; x_wconf 85' lang='lat' dir='ltr'><strong>iudicium,</strong></span> 
     </span>
    </p>
   </div>
   <div class='ocr_carea' id='block_1_3' title="bbox 284 2627 1526 3350">
    <p class='ocr_par' dir='ltr' id='par_1_4' title="bbox 284 2627 1526 2849">
     <span class='ocr_line' id='line_1_19' title="bbox 285 2627 1526 2731; baseline 0 -27"><span class='ocrx_word' id='word_1_140' title='bbox 285 2658 393 2731; x_wconf 89' lang='lat' dir='ltr'><strong>quam</strong></span> <span class='ocrx_word' id='word_1_141' title='bbox 421 2647 551 2727; x_wconf 88' lang='lat' dir='ltr'><strong>potero</strong></span> <span class='ocrx_word' id='word_1_142' title='bbox 579 2627 862 2724; x_wconf 84' lang='lat' dir='ltr'><strong>diligentissime,</strong></span> <span class='ocrx_word' id='word_1_143' title='bbox 890 2629 1127 2725; x_wconf 66' lang='lat' dir='ltr'><strong>investigabo</strong></span> <span class='ocrx_word' id='word_1_144' title='bbox 1158 2655 1336 2726; x_wconf 88' lang='lat' dir='ltr'><strong>quaenam</strong></span> <span class='ocrx_word' id='word_1_145' title='bbox 1361 2631 1460 2704; x_wconf 90' lang='lat' dir='ltr'><strong>Cice·</strong></span> <span class='ocrx_word' id='word_1_146' title='bbox 1522 2689 1526 2694; x_wconf 90' lang='lat'>.</span> 
     </span>
     <span class='ocr_line' id='line_1_20' title="bbox 284 2751 1070 2849; baseline -0.005 -19"><span class='ocrx_word' id='word_1_147' title='bbox 284 2756 380 2830; x_wconf 91' lang='lat' dir='ltr'><strong>ronis</strong></span> <span class='ocrx_word' id='word_1_148' title='bbox 408 2755 440 2826; x_wconf 93' lang='lat' dir='ltr'><strong>in</strong></span> <span class='ocrx_word' id='word_1_149' title='bbox 470 2751 565 2826; x_wconf 93' lang='lat' dir='ltr'><strong>bello</strong></span> <span class='ocrx_word' id='word_1_150' title='bbox 593 2752 758 2826; x_wconf 88' lang='lat' dir='ltr'><strong>Parthico</strong></span> <span class='ocrx_word' id='word_1_151' title='bbox 786 2753 914 2825; x_wconf 91' lang='lat' dir='ltr'><strong>fuerint</strong></span> <span class='ocrx_word' id='word_1_152' title='bbox 938 2768 1070 2849; x_wconf 84' lang='lat' dir='ltr'><strong>partes</strong></span> 
     </span>
    </p>

    <p class='ocr_par' dir='ltr' id='par_1_5' title="bbox 284 2868 1463 3350">
     <span class='ocr_line' id='line_1_21' title="bbox 339 2868 1463 2974; baseline 0.001 -22"><span class='ocrx_word' id='word_1_153' title='bbox 339 2879 451 2974; x_wconf 79' lang='lat' dir='ltr'><strong>Quod</strong></span> <span class='ocrx_word' id='word_1_154' title='bbox 479 2878 514 2950; x_wconf 92' lang='lat' dir='ltr'><strong>in</strong></span> <span class='ocrx_word' id='word_1_155' title='bbox 541 2868 842 2973; x_wconf 83' lang='lat' dir='ltr'><strong>praecedentibus</strong></span> <span class='ocrx_word' id='word_1_156' title='bbox 870 2876 954 2964; x_wconf 85' lang='lat' dir='ltr'><strong>dixi,</strong></span> <span class='ocrx_word' id='word_1_157' title='bbox 986 2876 1232 2950; x_wconf 89' lang='lat' dir='ltr'><strong>invitissimum</strong></span> <span class='ocrx_word' id='word_1_158' title='bbox 1249 2879 1463 2955; x_wconf 89' lang='lat' dir='ltr'><strong>Ciceronem</strong></span> 
     </span>
     <span class='ocr_line' id='line_1_22' title="bbox 284 2998 1463 3098; baseline -0.003 -20"><span class='ocrx_word' id='word_1_159' title='bbox 284 3005 406 3078; x_wconf 91' lang='lat' dir='ltr'><strong>Roma</strong></span> <span class='ocrx_word' id='word_1_160' title='bbox 440 3003 580 3090; x_wconf 85' lang='lat' dir='ltr'><strong>abesse,</strong></span> <span class='ocrx_word' id='word_1_161' title='bbox 617 3001 653 3072; x_wconf 91' lang='lat' dir='ltr'><strong>id</strong></span> <span class='ocrx_word' id='word_1_162' title='bbox 680 2999 828 3098; x_wconf 91' lang='lat' dir='ltr'><strong>quidem</strong></span> <span class='ocrx_word' id='word_1_163' title='bbox 856 2999 967 3072; x_wconf 90' lang='lat' dir='ltr'><strong>habet</strong></span> <span class='ocrx_word' id='word_1_164' title='bbox 991 2998 1124 3098; x_wconf 91' lang='lat' dir='ltr'><strong>aliquid</strong></span> <span class='ocrx_word' id='word_1_165' title='bbox 1152 3004 1401 3092; x_wconf 84' lang='lat' dir='ltr'><strong>excusationis,</strong></span> <span class='ocrx_word' id='word_1_166' title='bbox 1432 3005 1463 3076; x_wconf 92' lang='lat' dir='ltr'><strong>si</strong></span> 
     </span>
     <span class='ocr_line' id='line_1_23' title="bbox 285 3125 1462 3225; baseline -0.003 -22"><span class='ocrx_word' id='word_1_167' title='bbox 285 3130 462 3203; x_wconf 88' lang='lat' dir='ltr'><strong>rationem</strong></span> <span class='ocrx_word' id='word_1_168' title='bbox 490 3128 607 3201; x_wconf 91' lang='lat' dir='ltr'><strong>inieris</strong></span> <span class='ocrx_word' id='word_1_169' title='bbox 633 3126 835 3223; x_wconf 91' lang='lat' dir='ltr'><strong>copiarum,</strong></span> <span class='ocrx_word' id='word_1_170' title='bbox 867 3149 961 3223; x_wconf 91' lang='lat' dir='ltr'><strong>quae</strong></span> <span class='ocrx_word' id='word_1_171' title='bbox 986 3125 1019 3196; x_wconf 92' lang='lat' dir='ltr'><strong>ei</strong></span> <span class='ocrx_word' id='word_1_172' title='bbox 1047 3125 1082 3196; x_wconf 95' lang='lat' dir='ltr'><strong>in</strong></span> <span class='ocrx_word' id='word_1_173' title='bbox 1109 3126 1292 3221; x_wconf 90' lang='lat' dir='ltr'><strong>provincia</strong></span> <span class='ocrx_word' id='word_1_174' title='bbox 1315 3145 1462 3225; x_wconf 91' lang='lat' dir='ltr'><strong>praesto</strong></span> 
     </span>
     <span class='ocr_line' id='line_1_24' title="bbox 285 3248 1462 3350; baseline 0.001 -25"><span class='ocrx_word' id='word_1_175' title='bbox 285 3268 397 3326; x_wconf 90' lang='lat' dir='ltr'><strong>erant.</strong></span> <span class='ocrx_word' id='word_1_176' title='bbox 428 3252 602 3325; x_wconf 91' lang='lat' dir='ltr'><strong>Habebat</strong></span> <span class='ocrx_word' id='word_1_177' title='bbox 629 3251 726 3324; x_wconf 93' lang='lat' dir='ltr'><strong>enim</strong></span> <span class='ocrx_word' id='word_1_178' title='bbox 754 3251 845 3323; x_wconf 91' lang='lat' dir='ltr'><strong>duas</strong></span> <span class='ocrx_word' id='word_1_179' title='bbox 873 3248 1047 3346; x_wconf 76' lang='lat' dir='ltr'><strong>legioneS,</strong></span> <span class='ocrx_word' id='word_1_180' title='bbox 1073 3253 1108 3346; x_wconf 85' lang='lat'><strong>2)</strong></span> <span class='ocrx_word' id='word_1_181' title='bbox 1127 3276 1244 3350; x_wconf 89' lang='lat' dir='ltr'><strong>neque</strong></span> <span class='ocrx_word' id='word_1_182' title='bbox 1259 3278 1322 3326; x_wconf 89' lang='lat' dir='ltr'><strong>eas</strong></span> <span class='ocrx_word' id='word_1_183' title='bbox 1335 3251 1462 3349; x_wconf 90' lang='lat' dir='ltr'><strong>plenas</strong></span> 
     </span>
    </p>
   </div>
   <div class='ocr_carea' id='block_1_4' title="bbox 286 3481 1494 4518">
    <p class='ocr_par' dir='ltr' id='par_1_6' title="bbox 326 3481 689 3546">
     <span class='ocr_line' id='line_1_25' title="bbox 326 3481 689 3546; baseline -0.006 -14"><span class='ocrx_word' id='word_1_184' title='bbox 326 3483 351 3546; x_wconf 90' lang='lat'><strong>1)</strong></span> <span class='ocrx_word' id='word_1_185' title='bbox 370 3483 408 3532; x_wconf 82' lang='lat' dir='ltr'><strong>Cf.</strong></span> <span class='ocrx_word' id='word_1_186' title='bbox 428 3483 460 3532; x_wconf 90' lang='lat' dir='ltr'><strong>ad</strong></span> <span class='ocrx_word' id='word_1_187' title='bbox 480 3483 550 3533; x_wconf 85' lang='lat' dir='ltr'><strong>Fam.</strong></span> <span class='ocrx_word' id='word_1_188' title='bbox 570 3481 626 3530; x_wconf 88' lang='lat' dir='ltr'><strong>XV.</strong></span> <span class='ocrx_word' id='word_1_189' title='bbox 650 3494 689 3541; x_wconf 89' lang='lat'><strong>14.</strong></span> 
     </span>
    </p>

    <p class='ocr_par' dir='ltr' id='par_1_7' title="bbox 286 3567 1494 4518">
     <span class='ocr_line' id='line_1_26' title="bbox 324 3567 1462 3633; baseline 0 -14"><span class='ocrx_word' id='word_1_190' title='bbox 324 3576 351 3623; x_wconf 72' lang='lat'><strong>2]</strong></span> <span class='ocrx_word' id='word_1_191' title='bbox 370 3571 517 3621; x_wconf 84' lang='lat' dir='ltr'><strong>Plutarchus</strong></span> <span class='ocrx_word' id='word_1_192' title='bbox 544 3569 570 3617; x_wconf 89' lang='lat' dir='ltr'><strong>ln</strong></span> <span class='ocrx_word' id='word_1_193' title='bbox 603 3568 653 3616; x_wconf 89' lang='lat' dir='ltr'><strong>vita</strong></span> <span class='ocrx_word' id='word_1_194' title='bbox 680 3567 810 3617; x_wconf 85' lang='lat' dir='ltr'><strong>Ciceronis</strong></span> <span class='ocrx_word' id='word_1_195' title='bbox 838 3571 904 3633; x_wconf 79' lang='lat' dir='ltr'><strong>(cap.</strong></span> <span class='ocrx_word' id='word_1_196' title='bbox 928 3569 971 3631; x_wconf 84' lang='lat'><strong>36)</strong></span> <span class='ocrx_word' id='word_1_197' title='bbox 989 3569 1064 3618; x_wconf 86' lang='lat' dir='ltr'><strong>nobis</strong></span> <span class='ocrx_word' id='word_1_198' title='bbox 1083 3576 1169 3618; x_wconf 87' lang='lat' dir='ltr'><strong>auctor</strong></span> <span class='ocrx_word' id='word_1_199' title='bbox 1188 3576 1233 3629; x_wconf 86' lang='lat' dir='ltr'><strong>est,</strong></span> <span class='ocrx_word' id='word_1_200' title='bbox 1252 3571 1314 3620; x_wconf 87' lang='lat' dir='ltr'><strong>duas</strong></span> <span class='ocrx_word' id='word_1_201' title='bbox 1334 3571 1462 3620; x_wconf 79' lang='lat' dir='ltr'><strong>Ciceronis</strong></span> 
     </span>
     <span class='ocr_line' id='line_1_27' title="bbox 286 3655 1462 3724; baseline -0.003 -15"><span class='ocrx_word' id='word_1_202' title='bbox 286 3661 401 3724; x_wconf 85' lang='lat' dir='ltr'><strong>legiones</strong></span> <span class='ocrx_word' id='word_1_203' title='bbox 428 3658 545 3707; x_wconf 88' lang='lat' dir='ltr'><strong>habuisse</strong></span> <span class='ocrx_word' id='word_1_204' title='bbox 572 3657 681 3705; x_wconf 87' lang='lat' dir='ltr'><strong>militum</strong></span> <span class='ocrx_word' id='word_1_205' title='bbox 706 3655 843 3705; x_wconf 87' lang='lat' dir='ltr'><strong>duodecim</strong></span> <span class='ocrx_word' id='word_1_206' title='bbox 871 3657 942 3705; x_wconf 89' lang='lat' dir='ltr'><strong>milia</strong></span> <span class='ocrx_word' id='word_1_207' title='bbox 972 3673 1029 3705; x_wconf 92' lang='lat' dir='ltr'><strong>cum</strong></span> <span class='ocrx_word' id='word_1_208' title='bbox 1057 3658 1156 3707; x_wconf 87' lang='lat' dir='ltr'><strong>duobus</strong></span> <span class='ocrx_word' id='word_1_209' title='bbox 1180 3658 1281 3707; x_wconf 90' lang='lat' dir='ltr'><strong>milibus</strong></span> <span class='ocrx_word' id='word_1_210' title='bbox 1300 3666 1324 3707; x_wconf 90' lang='lat' dir='ltr'><strong>et</strong></span> <span class='ocrx_word' id='word_1_211' title='bbox 1339 3660 1462 3708; x_wconf 81' lang='lat' dir='ltr'><strong>sexcentis</strong></span> 
     </span>
     <span class='ocr_line' id='line_1_28' title="bbox 287 3746 1463 3814; baseline 0 -16"><span class='ocrx_word' id='word_1_212' title='bbox 287 3748 420 3814; x_wconf 88' lang='lat' dir='ltr'><strong>equitibus,</strong></span> <span class='ocrx_word' id='word_1_213' title='bbox 447 3747 493 3796; x_wconf 91' lang='lat' dir='ltr'><strong>sed</strong></span> <span class='ocrx_word' id='word_1_214' title='bbox 511 3746 609 3811; x_wconf 92' lang='lat' dir='ltr'><strong>liquido</strong></span> <span class='ocrx_word' id='word_1_215' title='bbox 629 3753 727 3795; x_wconf 87' lang='lat' dir='ltr'><strong>constat</strong></span> <span class='ocrx_word' id='word_1_216' title='bbox 746 3746 814 3795; x_wconf 92' lang='lat' dir='ltr'><strong>hunc</strong></span> <span class='ocrx_word' id='word_1_217' title='bbox 833 3762 964 3795; x_wconf 88' lang='lat' dir='ltr'><strong>numerum</strong></span> <span class='ocrx_word' id='word_1_218' title='bbox 982 3747 1086 3797; x_wconf 91' lang='lat' dir='ltr'><strong>minime</strong></span> <span class='ocrx_word' id='word_1_219' title='bbox 1104 3756 1216 3813; x_wconf 87' lang='lat' dir='ltr'><strong>spectare</strong></span> <span class='ocrx_word' id='word_1_220' title='bbox 1233 3749 1266 3798; x_wconf 86' lang='lat' dir='ltr'><strong>ad</strong></span> <span class='ocrx_word' id='word_1_221' title='bbox 1285 3749 1380 3814; x_wconf 85' lang='lat' dir='ltr'><strong>copias,</strong></span> <span class='ocrx_word' id='word_1_222' title='bbox 1400 3765 1463 3813; x_wconf 81' lang='lat' dir='ltr'><strong>quas</strong></span> 
     </span>
     <span class='ocr_line' id='line_1_29' title="bbox 287 3834 1464 3901; baseline -0.002 -14"><span class='ocrx_word' id='word_1_223' title='bbox 287 3853 334 3887; x_wconf 89' lang='lat' dir='ltr'><strong>suo</strong></span> <span class='ocrx_word' id='word_1_224' title='bbox 353 3836 462 3886; x_wconf 89' lang='lat' dir='ltr'><strong>adventu</strong></span> <span class='ocrx_word' id='word_1_225' title='bbox 482 3835 507 3882; x_wconf 91' lang='lat' dir='ltr'><strong>in</strong></span> <span class='ocrx_word' id='word_1_226' title='bbox 526 3834 657 3898; x_wconf 84' lang='lat' dir='ltr'><strong>provincia</strong></span> <span class='ocrx_word' id='word_1_227' title='bbox 675 3835 777 3894; x_wconf 87' lang='lat' dir='ltr'><strong>invenit,</strong></span> <span class='ocrx_word' id='word_1_228' title='bbox 798 3835 843 3883; x_wconf 92' lang='lat' dir='ltr'><strong>sed</strong></span> <span class='ocrx_word' id='word_1_229' title='bbox 862 3835 985 3900; x_wconf 86' lang='lat' dir='ltr'><strong>respicere</strong></span> <span class='ocrx_word' id='word_1_230' title='bbox 1004 3836 1139 3885; x_wconf 88' lang='lat' dir='ltr'><strong>exercitum</strong></span> <span class='ocrx_word' id='word_1_231' title='bbox 1158 3845 1216 3901; x_wconf 90' lang='lat' dir='ltr'><strong>post</strong></span> <span class='ocrx_word' id='word_1_232' title='bbox 1234 3838 1464 3887; x_wconf 88' lang='lat' dir='ltr'><strong>adventumcorro—</strong></span> 
     </span>
     <span class='ocr_line' id='line_1_30' title="bbox 286 3922 1462 3991; baseline 0.001 -17"><span class='ocrx_word' id='word_1_233' title='bbox 286 3926 403 3974; x_wconf 82' lang='lat' dir='ltr'><strong>boratiun</strong></span> <span class='ocrx_word' id='word_1_234' title='bbox 422 3930 446 3973; x_wconf 87' lang='lat' dir='ltr'><strong>et</strong></span> <span class='ocrx_word' id='word_1_235' title='bbox 464 3923 629 3987; x_wconf 90' lang='lat' dir='ltr'><strong>completum.</strong></span> <span class='ocrx_word' id='word_1_236' title='bbox 650 3922 731 3986; x_wconf 84' lang='lat' dir='ltr'><strong>Legio</strong></span> <span class='ocrx_word' id='word_1_237' title='bbox 751 3923 827 3982; x_wconf 86' lang='lat' dir='ltr'><strong>enim,</strong></span> <span class='ocrx_word' id='word_1_238' title='bbox 848 3922 868 3971; x_wconf 90' lang='lat' dir='ltr'><strong>si</strong></span> <span class='ocrx_word' id='word_1_239' title='bbox 887 3939 1018 3972; x_wconf 87' lang='lat' dir='ltr'><strong>numerum</strong></span> <span class='ocrx_word' id='word_1_240' title='bbox 1038 3924 1146 3974; x_wconf 87' lang='lat' dir='ltr'><strong>habebat</strong></span> <span class='ocrx_word' id='word_1_241' title='bbox 1164 3925 1255 3974; x_wconf 90' lang='lat' dir='ltr'><strong>iustum</strong></span> <span class='ocrx_word' id='word_1_242' title='bbox 1274 3943 1303 3976; x_wconf 90' lang='lat' dir='ltr'><strong>ac</strong></span> <span class='ocrx_word' id='word_1_243' title='bbox 1313 3926 1462 3991; x_wconf 80' lang='lat' dir='ltr'><strong>legitimum,</strong></span> 
     </span>
     <span class='ocr_line' id='line_1_31' title="bbox 287 4009 1462 4081; baseline 0.003 -19"><span class='ocrx_word' id='word_1_244' title='bbox 287 4011 501 4077; x_wconf 88' lang='lat' dir='ltr'><strong>complectebatur</strong></span> <span class='ocrx_word' id='word_1_245' title='bbox 522 4010 630 4059; x_wconf 90' lang='lat' dir='ltr'><strong>militum</strong></span> <span class='ocrx_word' id='word_1_246' title='bbox 649 4027 692 4059; x_wconf 90' lang='lat' dir='ltr'><strong>sex</strong></span> <span class='ocrx_word' id='word_1_247' title='bbox 714 4009 801 4068; x_wconf 87' lang='lat' dir='ltr'><strong>nrilia;</strong></span> <span class='ocrx_word' id='word_1_248' title='bbox 821 4010 843 4072; x_wconf 76' lang='lat' dir='ltr'><strong>*l</strong></span> <span class='ocrx_word' id='word_1_249' title='bbox 875 4011 1022 4075; x_wconf 90' lang='lat' dir='ltr'><strong>plerumque</strong></span> <span class='ocrx_word' id='word_1_250' title='bbox 1038 4019 1121 4062; x_wconf 90' lang='lat' dir='ltr'><strong>tamen</strong></span> <span class='ocrx_word' id='word_1_251' title='bbox 1140 4016 1286 4064; x_wconf 86' lang='lat' dir='ltr'><strong>numerabat</strong></span> <span class='ocrx_word' id='word_1_252' title='bbox 1304 4017 1384 4064; x_wconf 91' lang='lat' dir='ltr'><strong>multo</strong></span> <span class='ocrx_word' id='word_1_253' title='bbox 1403 4033 1462 4081; x_wconf 86' lang='lat' dir='ltr'><strong>pau-</strong></span> 
     </span>
     <span class='ocr_line' id='line_1_32' title="bbox 288 4098 1494 4170; baseline 0.002 -20"><span class='ocrx_word' id='word_1_254' title='bbox 288 4102 377 4160; x_wconf 87' lang='lat' dir='ltr'><strong>ciores,</strong></span> <span class='ocrx_word' id='word_1_255' title='bbox 396 4116 478 4164; x_wconf 92' lang='lat' dir='ltr'><strong>neque</strong></span> <span class='ocrx_word' id='word_1_256' title='bbox 497 4099 569 4148; x_wconf 87' lang='lat' dir='ltr'><strong>aliter</strong></span> <span class='ocrx_word' id='word_1_257' title='bbox 587 4115 627 4148; x_wconf 89' lang='lat' dir='ltr'><strong>res</strong></span> <span class='ocrx_word' id='word_1_258' title='bbox 645 4115 672 4147; x_wconf 91' lang='lat' dir='ltr'><strong>se</strong></span> <span class='ocrx_word' id='word_1_259' title='bbox 690 4098 801 4147; x_wconf 88' lang='lat' dir='ltr'><strong>habebat</strong></span> <span class='ocrx_word' id='word_1_260' title='bbox 819 4099 844 4146; x_wconf 94' lang='lat' dir='ltr'><strong>in</strong></span> <span class='ocrx_word' id='word_1_261' title='bbox 869 4099 998 4149; x_wconf 86' lang='lat' dir='ltr'><strong>Ciceronis</strong></span> <span class='ocrx_word' id='word_1_262' title='bbox 1019 4102 1137 4160; x_wconf 90' lang='lat' dir='ltr'><strong>exercitu,</strong></span> <span class='ocrx_word' id='word_1_263' title='bbox 1155 4119 1213 4152; x_wconf 89' lang='lat' dir='ltr'><strong>nam</strong></span> <span class='ocrx_word' id='word_1_264' title='bbox 1223 4105 1462 4170; x_wconf 81' lang='lat' dir='ltr'><strong>Appiuspostremo</strong></span> <span class='ocrx_word' id='word_1_265' title='bbox 1490 4147 1494 4152; x_wconf 91' lang='lat'>.</span> 
     </span>
     <span class='ocr_line' id='line_1_33' title="bbox 287 4186 1463 4260; baseline 0.003 -22"><span class='ocrx_word' id='word_1_266' title='bbox 287 4204 347 4238; x_wconf 89' lang='lat' dir='ltr'><strong>suae</strong></span> <span class='ocrx_word' id='word_1_267' title='bbox 366 4188 591 4237; x_wconf 84' lang='lat' dir='ltr'><strong>administrationis</strong></span> <span class='ocrx_word' id='word_1_268' title='bbox 609 4203 677 4235; x_wconf 90' lang='lat' dir='ltr'><strong>anno</strong></span> <span class='ocrx_word' id='word_1_269' title='bbox 698 4186 825 4235; x_wconf 84' lang='lat' dir='ltr'><strong>dimiserat</strong></span> <span class='ocrx_word' id='word_1_270' title='bbox 845 4187 985 4250; x_wconf 89' lang='lat' dir='ltr'><strong>permultos</strong></span> <span class='ocrx_word' id='word_1_271' title='bbox 1007 4188 1150 4250; x_wconf 88' lang='lat' dir='ltr'><strong>milites(ad</strong></span> <span class='ocrx_word' id='word_1_272' title='bbox 1165 4191 1235 4242; x_wconf 85' lang='lat' dir='ltr'><strong>Fam.</strong></span> <span class='ocrx_word' id='word_1_273' title='bbox 1254 4192 1306 4245; x_wconf 88' lang='lat' dir='ltr'><strong>Ill.</strong></span> <span class='ocrx_word' id='word_1_274' title='bbox 1322 4207 1346 4255; x_wconf 84' lang='lat'><strong>3.</strong></span> <span class='ocrx_word' id='word_1_275' title='bbox 1358 4197 1463 4260; x_wconf 83' lang='lat' dir='ltr'><strong>2.),qua</strong></span> 
     </span>
     <span class='ocr_line' id='line_1_34' title="bbox 288 4275 1462 4342; baseline 0.004 -17"><span class='ocrx_word' id='word_1_276' title='bbox 288 4277 321 4326; x_wconf 90' lang='lat' dir='ltr'><strong>de</strong></span> <span class='ocrx_word' id='word_1_277' title='bbox 339 4293 365 4326; x_wconf 89' lang='lat' dir='ltr'><strong>re</strong></span> <span class='ocrx_word' id='word_1_278' title='bbox 383 4276 488 4341; x_wconf 89' lang='lat' dir='ltr'><strong>quidem</strong></span> <span class='ocrx_word' id='word_1_279' title='bbox 506 4276 723 4325; x_wconf 86' lang='lat' dir='ltr'><strong>senatusconsulta</strong></span> <span class='ocrx_word' id='word_1_280' title='bbox 741 4275 938 4339; x_wconf 78' lang='lat' dir='ltr'><strong>intercesserant,</strong></span> <span class='ocrx_word' id='word_1_281' title='bbox 955 4293 987 4325; x_wconf 89' lang='lat' dir='ltr'><strong>ne</strong></span> <span class='ocrx_word' id='word_1_282' title='bbox 997 4278 1087 4342; x_wconf 89' lang='lat' dir='ltr'><strong>copiae</strong></span> <span class='ocrx_word' id='word_1_283' title='bbox 1096 4279 1308 4340; x_wconf 88' lang='lat' dir='ltr'><strong>imminuerentur,</strong></span> <span class='ocrx_word' id='word_1_284' title='bbox 1326 4282 1371 4331; x_wconf 87' lang='lat' dir='ltr'><strong>sed</strong></span> <span class='ocrx_word' id='word_1_285' title='bbox 1380 4282 1462 4330; x_wconf 84' lang='lat' dir='ltr'><strong>nihilo</strong></span> 
     </span>
     <span class='ocr_line' id='line_1_35' title="bbox 287 4349 1463 4435; baseline 0.005 -21"><span class='ocrx_word' id='word_1_286' title='bbox 287 4365 379 4424; x_wconf 88' lang='lat' dir='ltr'><strong>minus,</strong></span> <span class='ocrx_word' id='word_1_287' title='bbox 407 4381 466 4413; x_wconf 89' lang='lat' dir='ltr'><strong>cum</strong></span> <span class='ocrx_word' id='word_1_288' title='bbox 493 4364 583 4412; x_wconf 88' lang='lat' dir='ltr'><strong>Cicero</strong></span> <span class='ocrx_word' id='word_1_289' title='bbox 613 4364 639 4412; x_wconf 91' lang='lat' dir='ltr'><strong>in</strong></span> <span class='ocrx_word' id='word_1_290' title='bbox 660 4364 819 4428; x_wconf 88' lang='lat' dir='ltr'><strong>provinciam</strong></span> <span class='ocrx_word' id='word_1_291' title='bbox 838 4363 949 4424; x_wconf 89' lang='lat' dir='ltr'><strong>advenit,</strong></span> <span class='ocrx_word' id='word_1_292' title='bbox 968 4365 1070 4415; x_wconf 86' lang='lat' dir='ltr'><strong>aberant</strong></span> <span class='ocrx_word' id='word_1_293' title='bbox 1088 4376 1137 4417; x_wconf 90' lang='lat' dir='ltr'><strong>tres</strong></span> <span class='ocrx_word' id='word_1_294' title='bbox 1153 4349 1274 4419; x_wconf 28' lang='lat' dir='ltr'><strong>&#39;cohortes</strong></span> <span class='ocrx_word' id='word_1_295' title='bbox 1293 4371 1463 4435; x_wconf 85' lang='lat' dir='ltr'><strong>plenissimae,</strong></span> 
     </span>
     <span class='ocr_line' id='line_1_36' title="bbox 288 4452 1465 4518; baseline 0.005 -15"><span class='ocrx_word' id='word_1_296' title='bbox 288 4469 370 4518; x_wconf 91' lang='lat' dir='ltr'><strong>neque</strong></span> <span class='ocrx_word' id='word_1_297' title='bbox 396 4454 492 4503; x_wconf 88' lang='lat' dir='ltr'><strong>sciebat</strong></span> <span class='ocrx_word' id='word_1_298' title='bbox 509 4452 612 4501; x_wconf 83' lang='lat' dir='ltr'><strong>ubinam</strong></span> <span class='ocrx_word' id='word_1_299' title='bbox 630 4459 721 4502; x_wconf 87' lang='lat' dir='ltr'><strong>essent.</strong></span> <span class='ocrx_word' id='word_1_300' title='bbox 744 4452 789 4511; x_wconf 80' lang='lat' dir='ltr'><strong>(ad</strong></span> <span class='ocrx_word' id='word_1_301' title='bbox 810 4452 881 4503; x_wconf 91' lang='lat' dir='ltr'><strong>Fam.</strong></span> <span class='ocrx_word' id='word_1_302' title='bbox 903 4453 952 4502; x_wconf 88' lang='lat'>111.</span> <span class='ocrx_word' id='word_1_303' title='bbox 973 4453 998 4502; x_wconf 89' lang='lat'><strong>6.</strong></span> <span class='ocrx_word' id='word_1_304' title='bbox 1018 4460 1062 4517; x_wconf 83' lang='lat'>5.).</span> <span class='ocrx_word' id='word_1_305' title='bbox 1100 4456 1170 4505; x_wconf 89' lang='lat' dir='ltr'><strong>Hinc</strong></span> <span class='ocrx_word' id='word_1_306' title='bbox 1188 4457 1224 4506; x_wconf 85' lang='lat' dir='ltr'><strong>ira</strong></span> <span class='ocrx_word' id='word_1_307' title='bbox 1240 4459 1403 4509; x_wconf 86' lang='lat' dir='ltr'><strong>exardescens</strong></span> <span class='ocrx_word' id='word_1_308' title='bbox 1423 4477 1465 4510; x_wconf 87' lang='lat' dir='ltr'><strong>ex·</strong></span> 
     </span>
    </p>
   </div>
   <div class='ocr_carea' id='block_1_5' title="bbox 287 4587 447 4601">
    <p class='ocr_par' dir='ltr' id='par_1_8' title="bbox 287 4587 447 4601">
     <span class='ocr_line' id='line_1_37' title="bbox 287 4587 447 4601; baseline 0.013 -2"><span class='ocrx_word' id='word_1_309' title='bbox 287 4587 447 4601; x_wconf 46' lang='grc' dir='ltr'><strong>-ᾷ</strong></span> 
     </span>
    </p>
   </div>
   <div class='ocr_carea' id='block_1_6' title="bbox 323 4663 1092 4732">
    <p class='ocr_par' dir='ltr' id='par_1_9' title="bbox 323 4663 1092 4732">
     <span class='ocr_line' id='line_1_38' title="bbox 323 4663 1092 4732; baseline 0 -18"><span class='ocrx_word' id='word_1_310' title='bbox 323 4667 345 4727; x_wconf 69' lang='lat' dir='ltr'><strong>*J</strong></span> <span class='ocrx_word' id='word_1_311' title='bbox 364 4666 466 4715; x_wconf 81' lang='lat' dir='ltr'><strong>Becker.</strong></span> <span class='ocrx_word' id='word_1_312' title='bbox 486 4663 574 4728; x_wconf 89' lang='lat' dir='ltr'><strong>Antiq.</strong></span> <span class='ocrx_word' id='word_1_313' title='bbox 595 4664 671 4713; x_wconf 90' lang='lat' dir='ltr'><strong>Rom.</strong></span> <span class='ocrx_word' id='word_1_314' title='bbox 692 4664 742 4712; x_wconf 91' lang='lat' dir='ltr'><strong>vol.</strong></span> <span class='ocrx_word' id='word_1_315' title='bbox 762 4663 814 4722; x_wconf 87' lang='lat' dir='ltr'><strong>Ill,</strong></span> <span class='ocrx_word' id='word_1_316' title='bbox 833 4680 889 4729; x_wconf 87' lang='lat' dir='ltr'><strong>pars</strong></span> <span class='ocrx_word' id='word_1_317' title='bbox 913 4665 948 4723; x_wconf 89' lang='lat'><strong>11,</strong></span> <span class='ocrx_word' id='word_1_318' title='bbox 969 4681 1011 4732; x_wconf 83' lang='lat' dir='ltr'><strong>pg.</strong></span> <span class='ocrx_word' id='word_1_319' title='bbox 1033 4679 1092 4728; x_wconf 83' lang='lat'><strong>249.</strong></span> 
     </span>
    </p>
   </div>
   <div class='ocr_carea' id='block_1_7' title="bbox 0 0 1662 5259">
    <p class='ocr_par' dir='ltr' id='par_1_10' title="bbox 0 0 1662 5259">
     <span class='ocr_line' id='line_1_39' title="bbox 0 0 1662 5259; baseline 0 0"><span class='ocrx_word' id='word_1_320' title='bbox 0 0 1662 5259; x_wconf 95' lang='lat' dir='ltr'><strong> </strong></span> 
     </span>
    </p>
   </div>
  </div>
 </body>
</html>
