3292 5259
210 538 279 574 LlVlI
298 538 517 580 EPITOMATORES.
861 544 1048 587 PLUTARCHUS.

186 691 262 731 tasset
285 683 398 748 egregius
416 684 555 750 imperator
590 688 647 741 τῶν
682 683 841 757 ὑποζυγίων
866 686 1044 759 ἀφήρπαζον·
1071 689 1150 755 τέλος
1174 692 1205 749 δέ
1230 701 1288 757 τοῖς
1312 693 1366 750 Ἀν-

188 772 288 821 tandem
310 773 433 839 perfugit
456 773 484 823 in
503 776 547 840 Sy·
583 774 685 825 τωνίου
704 772 894 842 σκευοφόροις
912 770 1139 847 ἐπιχειρήσαντες
1157 774 1309 849 ἐκπώματα
1318 780 1367 835 καὶ

189 861 265 914 riam.
589 860 729 929 τραπέζας
747 867 909 926 πολυτελεῖς
926 864 1102 921 κατέκοπτον
1125 866 1174 921 καλ
1192 867 1364 939 διενέμοντο.

225 952 314 1000 Sextus
324 951 412 1003 Rufus.
427 952 471 1002 182
486 954 552 1001 Ton-
588 949 720 1024 Θορύβου
745 949 776 1006 δέ
806 955 911 1008 πολλοῦ
938 953 987 1007 καὶ
1012 953 1121 1010 πλάνου
1149 955 1180 1010 τὸ
1209 956 1367 1027 στράτευμα

190 1048 213 1087 to
221 1047 274 1104 per
283 1049 404 1089 momenta
414 1048 553 1105 temporum
590 1040 648 1093 πᾶν
673 1036 825 1109 ἐπέχοντος
838 1080 931 1094 ......
947 1039 1089 1106 Ἀντώνιος
1107 1042 1157 1099 ἕνα
1175 1044 1295 1109 καλέσας
1312 1048 1368 1100 τῶν

190 1137 288 1178 terrare
303 1132 454 1194 perculsus,
482 1141 512 1179 ut
534 1148 550 1179 a
589 1128 829 1197 δορυφορούντων
842 1127 932 1185 αύτόν
942 1127 1144 1201 ἀπελευθέρων
1153 1130 1368 1203 ὄνομαῬύμνον

186 1218 330 1282 gladiatore
343 1237 387 1268 sua
390 1221 494 1284 percuti
494 1228 552 1285 pas·
589 1212 730 1286 donarer,
756 1215 826 1273 ὅταν
843 1204 970 1293 κελεύσῃ,
1000 1218 1031 1276 τὸ
1052 1223 1135 1295 ξίφος
1152 1219 1241 1276 αύτού
1263 1226 1368 1277 διεῖναι

189 1308 286 1356 talaret
311 1326 341 1356 ne
366 1309 439 1357 vivus
457 1308 555 1357 veniret
590 1304 636 1359 aul
664 1302 716 1376 τὴν
745 1305 874 1377 κεφύλην
891 1304 1053 1380 ἀποτεμεῖν,
1079 1306 1116 1372 ὡς
1133 1310 1201 1380 μήτε
1221 1307 1296 1384 ἁλῴη
1314 1312 1368 1377 ζῶν

189 1397 217 1446 in
236 1397 344 1446 hostium
355 1405 510 1461 patestatem.
587 1389 642 1447 ὑπὸ
659 1397 715 1449 τῶν
732 1398 875 1467 πολεμίων,
890 1393 958 1467 μήτε
977 1400 1117 1468 γνωσθείη
1136 1398 1288 1469 τεθνηκώς.

628 1488 680 1536 Dio
700 1496 771 1539 tacet.

227 1661 314 1712 Livius
352 1664 419 1729 Epit.
439 1664 534 1715 CXXX
543 1682 550 1725 ;
624 1666 744 1717 Fideliter
762 1672 888 1721 consentit
900 1672 1056 1731 Plutarchus,
1077 1672 1126 1721 nisi
1139 1673 1209 1738 quod
1225 1688 1256 1721 eo
1267 1678 1368 1721 auctore

192 1749 220 1800 in
257 1752 407 1804 Armeniam
435 1769 550 1802 reuersus
586 1756 708 1806 exercitus
736 1767 825 1825 septem
848 1771 873 1809 et
899 1762 991 1826 viginti
1009 1763 1106 1812 dierum
1125 1763 1171 1811 iter
1187 1778 1303 1811 emensus
1324 1769 1368 1821 est,

192 1851 233 1902 est,
262 1842 402 1907 viginti
432 1851 464 1892 et
484 1860 552 1892 uno
589 1852 722 1911 antequam
740 1848 772 1897 ad
789 1851 891 1899 Araxen
905 1851 998 1899 flumen
1017 1851 1118 1900 veniret.
1139 1851 1176 1899 Cf.
1197 1851 1261 1899 Plut.
1282 1857 1323 1913 50'.

193 1931 328 1981 diebus
355 1941 463 1981 trecenta
481 1934 552 1983 milia
627 1935 691 1986 Plut.
703 1946 751 1999 51:
771 1930 834 1988 τότε
855 1932 886 1989 δέ
905 1935 953 1990 διὰ
971 1937 1076 1989 πολλού
1093 1937 1228 2005 χειμῶνος
1245 1931 1307 2005 ἤδη·
1320 1934 1369 1989 καὶ

185 2021 554 2085 fugaemensus‚Circaoc-
590 2026 716 2091 νιφετῶν
760 2021 913 2079 ἀπαύστων
957 2020 1215 2095 ἐπειγόμενος
1259 2020 1368 2078 ὀκτα-

193 2116 228 2157 to
248 2110 557 2161 miliahominum
594 2112 795 2181 κισγιλίους
825 2105 1102 2181 ἇπέβαλεκαθ’
1129 2105 1233 2164 ridor.
1261 2114 1368 2175 Quibus·

193 2201 451 2265 tempestatibus
481 2202 553 2251 ami·
589 2218 646 2251 eum
674 2220 814 2268 componas
847 2203 923 2253 velim
946 2204 1010 2252 Plut.
1031 2214 1081 2266 37:
1109 2195 1250 2267 τοσαύτην
1272 2196 1368 2268 μέντοι

194 2289 243 2338 sit.
277 2290 438 2354 Tempestates
465 2307 561 2355 quaque
596 2284 781 2357 παρασκευὴν
808 2287 858 2342 καὶ
884 2286 1005 2358 δύναμιν
1014 2326 1104 2340 ......
1134 2284 1274 2356 ἀνόνητον
1292 2286 1368 2361 αύτῷ

194 2377 299 2443 infestas
323 2385 400 2442 super
426 2387 478 2427 tam
497 2379 560 2444 infe·
598 2373 646 2430 διὰ
656 2375 843 2447 Κλεοπάτραν
851 2375 986 2449 γενέσθαι
999 2376 1134 2447 λέγουσιν.
1151 2375 1369 2433 Σπεύδοντα

195 2466 275 2515 liciter
298 2474 434 2531 susceptum
454 2468 557 2516 Parthi·
594 2460 665 2534 γὰρ
685 2460 820 2538 ἐκείνη
840 2466 1228 2537 συνδιαχειμάσαιτόν
1246 2466 1370 2538 πόλεμον

194 2573 250 2605 cum
285 2556 375 2605 bellam
406 2558 479 2621 ιιιῖγσ
511 2574 558 2606 saa
595 2552 752 2627 ἐξενεγκεῖν
784 2554 838 2625 πρὸ
878 2558 979 2625 καιροῦ
1020 2558 1068 2612 καὶ
1108 2560 1177 2627 πᾶσι
1209 2557 1370 2629 χρήσασθαι

186 2652 280 2709 passus
306 2654 348 2713 est,
376 2648 472 2713 quia·
488 2648 556 2697 hie·
592 2641 805 2714 τεταραγμένως
823 2640 877 2697 ούκ
893 2640 963 2697 ὄντα
980 2644 1036 2697 τῶν
1055 2638 1157 2698 έαυτού
1167 2646 1303 2715 λογισμῶν
1313 2648 1368 2698 κτλ.

194 2752 290 2785 mare
318 2736 353 2784 in
381 2737 558 2787 Armenia
630 2738 789 2803 Magnopere
807 2754 865 2785 cum
883 2736 960 2785 Livio
981 2744 1005 2786 et
1027 2737 1160 2786 Plutarcho
1174 2738 1299 2804 discrepat
1317 2739 1369 2786 Dio

194 2826 368 2885 nolebat,
407 2827 485 2875 dum
512 2827 555 2876 ad
591 2829 685 2877 XLIX.
717 2842 758 2891 31,
787 2828 831 2892 qui
849 2827 932 2887 tradit,
950 2827 1035 2875 multis
1055 2827 1184 2892 promissis
1206 2835 1231 2875 et
1248 2814 1370 2875 adulatio:

196 2916 435 2979 Cleopatram
455 2916 556 2966 festi·
592 2918 666 2966 nibus
694 2918 836 2967 Antonium
863 2916 996 2965 Artauasdi
1021 2916 1144 2964 Armenio
1159 2916 1309 2981 persuadere
1327 2931 1371 2963 vo·

195 3020 211 3051 n
222 3011 262 3051 at.
594 3007 679 3065 luisse,
697 2998 773 3064 ὅπως
791 3004 870 3070 σφίσι
887 2998 1019 3069 χειμάσαι
1036 2997 1109 3054 κατὰ
1118 2998 1212 3069 χώραν
1223 2995 1370 3071 ἐπιτρέψῃ,

595 3090 683 3159 λέγων
715 3086 760 3143 ὅτι
796 3090 835 3161 τῷ
853 3080 901 3157 ἦρι
935 3083 982 3142 tat
1019 3085 1085 3149 τοὺς
1119 3085 1257 3155 Πάρθους
1283 3081 1370 3150 αὖθις

599 3174 817 3246 έπιστρατεύσει.

248 3364 329 3436 Hac
358 3361 548 3437 collatione
574 3364 733 3436 instituta
759 3360 872 3458 longo
900 3362 1158 3435 commentario
1187 3358 1288 3434 facile
1314 3387 1369 3433 su-

194 3488 379 3586 persederi
411 3504 550 3585 potest,
588 3514 672 3561 nam
706 3487 784 3584 ipsa
814 3512 881 3583 per
910 3511 950 3558 se
976 3486 1164 3583 perspicue
1192 3484 1366 3574 ostendit,

196 3614 287 3687 inter
314 3612 491 3689 Plutarchi
520 3629 557 3686 et
581 3613 672 3687 Livii
701 3614 942 3686 narrationem
968 3595 1104 3683 certum
1132 3626 1242 3707 atque
1262 3609 1370 3682 mani-

197 3739 326 3811 festum
366 3738 589 3813 intercedere
629 3735 806 3811 vinculum
838 3736 1118 3809 necessitudinis.
1155 3735 1309 3807 Duobus
1337 3735 1371 3807 in

197 3859 284 3936 locis
321 3863 513 3937 offenditur
547 3861 627 3936 leve
663 3861 852 3934 discrimen
880 3887 1120 3950 numerorum,
1156 3862 1255 3958 quod
1282 3887 1370 3934 vero

197 3987 341 4061 minime
372 3989 522 4062 fontium
546 3988 753 4077 diversitati,
783 3988 850 4060 sed
878 3988 997 4091 potius
1016 3987 1295 4084 epitomatorum
1313 3984 1370 4059 vel

196 4110 418 4187 librariorum
456 4111 699 4211 negligentiae
740 4113 988 4209 imputandum
1023 4137 1165 4185 censeo
1202 4115 1235 4209 1)
1267 4112 1372 4184 Prae-

202 4296 397 4308 ..-...——-—--0

235 4406 258 4461 1)
295 4402 326 4450 ln
345 4401 426 4466 copiis
445 4401 555 4450 Antonii
573 4401 733 4451 recensendis
752 4402 844 4451 mirum
863 4402 888 4451 in
907 4403 1013 4451 modum
1033 4418 1122 4451 omnes
1136 4402 1185 4451 sibi
1195 4402 1303 4450 invicem
1313 4418 1371 4451 con-

197 4490 328 4538 tradicunt.
358 4490 443 4539 Livius
462 4497 576 4539 numerat
597 4489 628 4537 18
647 4491 770 4553 legiones,
789 4490 918 4540 Velleiusz
938 4492 1071 4551 tredecim;
1092 4491 1203 4540 Iustinus
1222 4498 1246 4539 et
1265 4491 1370 4539 Florus:

198 4574 320 4639 se‘decim3
350 4580 508 4630 Plutarchus:
534 4580 733 4647 legionariorum
753 4580 861 4630 militum
881 4580 978 4640 60000,
997 4581 1109 4646 equitum
1132 4593 1224 4640 10000,
1243 4579 1371 4628 sociorum

198 4680 294 4729 30000.
