3292 5259
893 311 930 381 36

328 478 494 574 hospiti0,
525 491 562 549 et
590 502 663 574 quo
687 477 816 549 arctius
832 502 914 549 eum
928 501 1016 548 suae
1030 476 1154 548 domui
1170 475 1376 564 devinciret,
1394 474 1503 548 filiam

329 604 361 674 ei
402 602 502 675 dedit
541 602 575 672 in
615 600 900 688 matrimonium,
928 604 961 694 ι)
1000 600 1084 672 dein
1110 625 1233 672 secum
1260 616 1441 695 reputanS,
1471 602 1502 671 si

329 733 467 823 genero
501 725 568 797 sibi
599 724 728 796 amico.
750 740 787 797 et
814 725 988 797 obstricto
1014 728 1110 796 viam
1139 724 1187 796 ad
1211 749 1364 820 regnum
1392 724 1503 794 muni-

328 851 449 937 visset,
484 849 615 921 eadem
652 874 765 943 opera
800 874 841 921 se
878 849 1027 943 Pompei
1064 848 1218 944 gratiam
1254 847 1340 919 inire
1366 864 1403 919 et
1429 848 1503 919 suis

329 973 529 1046 commodis
570 973 704 1045 servire
743 986 878 1068 posse,
900 972 1111 1089 Armeniam
1137 972 1170 1044 ei
1205 994 1416 1067 expugnare
1442 971 1502 1043 de-

329 1098 449 1169 crevit.
506 1097 630 1194 Itaque
655 1097 775 1168 Parthi
803 1097 986 1192 impeturn,
1005 1096 1275 1168 in‘Armeniam
1289 1095 1447 1167 fecerunt
1465 1112 1504 1167 et

329 1222 493 1293 omnibus
521 1246 616 1318 quae
641 1220 756 1292 itineri
784 1235 886 1292 erant
911 1220 1020 1292 obvia
1044 1217 1131 1292 iocis
1152 1220 1308 1291 subactis
1327 1220 1502 1316 usquead

328 1344 507 1416 Artaxata
543 1343 727 1440 progressi
758 1358 849 1415 sunt.
903 1343 984 1415 Hac
1012 1344 1100 1415 urbe
1126 1341 1346 1440 aliquamdiu
1373 1370 1502 1439 parum

328 1466 475 1540 {eiiciter
500 1468 651 1539 obsessa
679 1511 729 1520 —
757 1492 822 1539 nec
849 1447 986 1554 mirum,
1028 1492 1112 1539 nam
1146 1466 1297 1538 Parthos
1325 1483 1420 1538 artes
1449 1493 1503 1537 ur·

329 1592 426 1663 bium
451 1590 776 1685 oppugnandarum
804 1615 949 1685 prorsus
969 1590 1183 1663 deficiebant
1206 1594 1240 1684 2)
1262 1591 1501 1665 -Phraates

328 1730 514 1809 pertaesus
542 1714 727 1811 negotium
752 1728 789 1786 et
815 1714 1040 1786 obsidionem
1066 1713 1267 1786 diuturnam
1291 1713 1366 1786 fore
1385 1714 1502 1786 existi-

328 1864 430 1913 mans
444 1839 521 1934 ipse
540 1838 688 1910 domum
702 1863 742 1909 se
757 1837 903 1932 recepit,
924 1852 1027 1933 parte
1048 1838 1230 1932 copiarum
1246 1863 1327 1908 cunr
1341 1838 1503 1935 Tigrane

328 1963 375 2035 ad
403 1964 529 2035 urbem
544 1960 675 2035 relicta.
705 1961 809 2032 Brevi
833 1977 917 2055 post
932 1960 1092 2032 Phraatis
1108 1961 1322 2049 discessum,
1340 1962 1501 2057 Tigrane

328 2114 350 2159 a
376 2102 479 2181 patre
504 2080 708 2180 profligata
738 2083 924 2179 expeditio
949 2083 997 2155 ad
1023 2083 1156 2155 irritum
1188 2084 1336 2158 redacta
1354 2101 1419 2173 est,
1436 2087 1501 2158 sed

328 2235 436 2306 supra
471 2234 580 2306 quam
606 2208 674 2279 dici
699 2223 821 2303 potest
848 2208 1040 2303 Pompeius
1064 2234 1112 2280 ex
1140 2207 1326 2280 discordiis
1355 2209 1429 2281 istis
1457 2210 1500 2280 ci-

328 2332 454 2405 vilibus
490 2332 649 2428 profecit.
686 2332 844 2403 Primum
868 2333 963 2404 enim
992 2358 1057 2403 rex
1085 2331 1281 2405 Armeniae
1309 2332 1501 2405 amicitiam

329 2458 542 2531 renuntiavit
567 2456 774 2544 Mithridati,
805 2457 840 2527 in
870 2482 979 2554 quem
1007 2454 1149 2552 culpam
1177 2457 1360 2528 turbarum
1385 2456 1501 2528 confe-

329 2582 480 2655 rendam
518 2606 598 2653 esse
627 2595 780 2676 putaret,
811 2606 966 2677 eumque
995 2606 1103 2677 quum
1133 2605 1155 2652 a
1184 2580 1360 2676 Pompeio
1388 2580 1500 2651 victus

329 2706 377 2787 ad
413 2704 668 2776 Armeniorum
707 2701 795 2776 fines
823 2729 863 2775 se
891 2700 1047 2791 contulit,
1077 2703 1191 2775 vetuit
1219 2728 1264 2776 ne
1291 2703 1357 2775 iter
1382 2729 1500 2799 perse-

327 2834 505 2925 queretur,
550 2826 692 2913 deinde,
731 2840 770 2897 ut
796 2823 903 2896 filium
931 2851 1041 2921 opem
1069 2826 1221 2921 Pompei
1250 2826 1437 2910 invocasse
1465 2844 1502 2898 et

327 2950 501 3024 Romanis
530 2950 563 3022 in
592 2947 803 3021 Armeniam
832 2947 1107 3044 irrumpentibus
1127 2948 1258 3021 ducem
1271 2960 1311 3021 s'e
1330 2949 1503 3022 obtulisse

326 3073 507 3167 cognovit,
538 3066 694 3145 ariimum
722 3071 954 3166 despondens
983 3094 1048 3142 rex
1076 3085 1113 3143 et
1142 3072 1220 3167 ipse
1249 3071 1341 3145 uitro
1356 3075 1404 3146 ad
1423 3076 1503 3147 hos·

277 3251 278 3254 ,
327 3197 414 3268 tium
449 3211 567 3267 castra
602 3194 797 3281 contendit,
828 3209 867 3265 ut
894 3220 934 3266 se
962 3220 1099 3292 suaque
1128 3196 1249 3268 omnia
1276 3199 1504 3293 permitteret

327 3380 487 3390 —.-—.-—-

366 3464 391 3534 1)
411 3464 449 3513 Cf.
479 3464 544 3512 Plut.
574 3465 663 3528 Pomp.
692 3476 742 3527 33:
772 3458 828 3513 Καὶ
852 3457 911 3529 μετ’
941 3457 974 3513 οὗ
1001 3458 1095 3529 πολὺν
1117 3462 1220 3531 χρόνον
1238 3462 1346 3535 ἔπεμψε
1370 3465 1504 3535 Φραάτης

328 3547 342 3604 ὃ
370 3548 490 3616 Πάρθος
510 3544 638 3601 ἀπαιτῶν
655 3545 706 3617 μὲν
719 3544 768 3602 τὸν
777 3548 927 3601 νεανίσκον
937 3547 1085 3619 (Tigranem
1095 3551 1188 3621 filium)
1209 3547 1230 3604 ὦ
1241 3572 1254 3613 ς
1271 3550 1342 3607 αὐτ
1355 3556 1397 3607 οὗ
1414 3575 1458 3624 γα
1467 3576 1503 3623 μ-

329 3634 428 3708 βρόν.
467 3640 547 3688 Nullo
566 3639 619 3687 iure
638 3640 686 3687 huc
710 3638 828 3697 referens,
847 3654 911 3703 quae
929 3656 945 3687 a
965 3639 1067 3688 Valerio
1088 3642 1203 3691 Maxirno
1226 3646 1271 3693 IX.
1303 3659 1341 3697 11.
1370 3648 1502 3697 traduntur

328 3730 360 3778 de
378 3730 502 3779 seditione
514 3728 546 3776 ab
556 3728 608 3776 alio
619 3727 735 3791 Tigranis
745 3726 807 3785 tilio,
818 3726 949 3785 Sariastr0,
959 3728 1067 3777 conflata
1077 3730 1228 3780 Vaillantius
1239 3730 1308 3801 (pag.
1320 3732 1366 3802 91)
1376 3736 1503 3799 opinatur,

329 3819 420 3866 eodem
439 3817 485 3865 illo
504 3824 618 3881 tempore
636 3822 660 3863 et
679 3814 807 3879 Tigranen
829 3822 853 3863 et
872 3815 1020 3865 Sariastrum
1035 3834 1050 3865 a
1068 3817 1139 3882 patre
1159 3819 1289 3879 defecisse,
1308 3823 1447 3887 ambosque
1455 3822 1504 3871 fra-

328 3916 376 3955 tres
398 3905 475 3953 filiam
494 3904 604 3952 Phraatis
627 3904 652 3950 in
672 3903 860 3951 matrimonium
882 3904 1016 3967 accepisse.
1037 3905 1157 3955 Sariaster
1177 3908 1221 3957 ille
1239 3908 1324 3959 forsan
1343 3911 1411 3959 idem
1428 3911 1504 3959 fuerit

328 4010 402 4058 quem
422 3993 556 4058 Appianus
577 3991 689 4039 Mithrid.
714 4004 762 4051 104
781 3991 831 4039 iam
849 3999 906 4039 ante
929 3992 1045 4055 Tigranis
1064 3993 1504 4063 defectionemapatreinterfectum

329 4086 526 4130 commemorat:
546 4077 648 4135 παῖδες
665 4071 691 4127 δ’
711 4070 742 4128 in
761 4077 810 4143 τῆς
829 4074 1016 4142 Μιθριδάτου
1033 4077 1180 4147 θυγατρὸς
1199 4080 1274 4155 αὐτῷ
1294 4078 1503 4152 γεγένηνταῶν

265 4158 271 4173 ’
329 4158 1502 4241 δύομὲναῦτόςὁΤιγράνηςᾶνῃρήκει,τὸνμὲνὲνμάχῃ,ποίεμοῦν-

329 4271 343 4304 τ
355 4248 372 4303 οἰ
394 4268 408 4302 ο
421 4246 433 4302 i
440 4288 446 4315 ,
463 4246 515 4301 τὸν
534 4243 561 4301 δ’
583 4242 614 4300 ἕν
631 4249 816 4317 κυνηγεσίοις,
827 4244 916 4301 αὐτοῦ
927 4246 1063 4311 πεσόντος
1072 4248 1264 4321 ἀμελήσαντα,
1275 4254 1323 4308 καὶ
1333 4252 1363 4308 τὸ
1375 4254 1503 4324 διάδημα

328 4331 518 4402 περιθέμενον
539 4329 580 4385 ἔτι
596 4329 736 4399 κειμένου.
757 4327 771 4384 ὁ
794 4328 829 4384 di
846 4332 948 4399 τρίτος,
969 4332 1107 4403 Τιγράνης
1125 4340 1180 4390 κτλ.

365 4424 391 4486 2)
414 4422 463 4469 Dio
483 4433 525 4481 40.
547 4433 598 4481 29:
621 4410 724 4469 ἐκεῖνον
740 4416 849 4488 (Parthi)
868 4412 1008 4471 dirivatur
1025 4422 1214 4489 πολιορκῆσαί
1233 4444 1257 4475 τι
1275 4416 1355 4492 ἦσαν.

365 4511 473 4560 Iustinus
500 4524 543 4570 41,
573 4522 606 4556 2:
638 4508 779 4556 Comminus
802 4508 829 4555 ιά
857 4508 909 4555 acie
930 4509 1062 4572 proeliari
1077 4520 1125 4558 aut
1142 4513 1246 4561 obsessas
1264 4522 1409 4578 expugnare
1428 4516 1502 4562 urbes

225 4610 236 4635 o
327 4600 444 4649 nesciunt.
