3292 5259
880 366 898 423 6

301 536 405 608 nobis
433 549 618 623 monstrat,
649 559 805 632 quares
833 534 881 606 ad
908 531 1080 631 liquidum
1107 534 1333 629 perducatur.
1377 532 1478 605 Nam

265 697 272 711 ·
301 660 379 757 quis
413 684 483 731 non
513 656 676 755 intelligit
701 674 872 758 quantum
900 658 1060 731 Heereni
1088 658 1314 731 coniecturae
1341 683 1407 754 per
1434 684 1477 731 se

301 784 371 857 iam
397 784 494 856 haud
522 781 747 880 improbabili
774 784 925 867 accedat
949 783 1032 856 fidei
1059 799 1096 856 et
1124 784 1355 871 auctoritatis
1373 782 1401 854 si
1416 783 1475 854 Li-

299 907 396 980 vium
425 922 462 980 et
489 905 714 979 Plutarchum
743 934 789 980 ex
810 909 989 980 communi
1004 909 1101 981 fonte
1117 909 1356 981 narrationem
1371 934 1475 981 suam

301 1031 462 1105 hausisse
498 1030 621 1104 solidis
662 1034 884 1128 argumentis
922 1035 1068 1130 probari
1109 1035 1251 1131 potest?
1290 1034 1330 1105 ld
1358 1034 1475 1130 ipsum

301 1172 422 1229 autem
457 1172 532 1229 tam
565 1158 736 1254 gravibus
764 1157 899 1230 indiciis
927 1174 1078 1245 constat,
1109 1173 1147 1229 ut
1174 1156 1256 1230 nihil
1272 1160 1318 1231 sit
1345 1160 1475 1232 certius

300 1278 356 1353 vel
382 1282 591 1354 evidentius.
624 1282 735 1375 Quod
763 1298 801 1354 ut
829 1284 1074 1356 demonstrem
1102 1284 1135 1355 in
1151 1282 1318 1356 auxilium
1333 1285 1474 1357 vocabo

299 1405 390 1478 Livii
413 1406 672 1501 epitomatores
694 1405 851 1496 Florum,
869 1407 1049 1495 Orosium,
1067 1408 1292 1506 Eutropium,
1321 1408 1474 1489 Sextum

300 1531 442 1618 Rufum,
474 1546 511 1603 et
538 1530 636 1603 hisce
664 1531 831 1603 subsidiis
859 1524 1018 1628 epitome
1046 1533 1137 1605 Livii
1164 1529 1332 1629 suppleta
1350 1534 1473 1606 ambo·

299 1681 377 1727 rum
405 1656 618 1753 scriptorum
646 1656 955 1752 comparationem
982 1657 1173 1729 instituam.
1455 1732 1458 1737 ,

354 1780 464 1874 Quod
493 1780 540 1852 ad
568 1780 726 1853 Dionem
755 1781 892 1870 attinet,
919 1807 1139 1880 quamquam
1154 1780 1359 1856 incredibile
1373 1799 1472 1880 put0,

253 1928 254 1931 ’
300 1931 445 2002 prorsus
488 1932 571 1978 eum
612 1907 659 1979 de
702 1907 865 1979 manibus
908 1906 1073 2003 posuisse
1105 1908 1344 2005 scriptorem,
1376 1910 1475 1982 cuius

300 2031 501 2104 auctoritati
538 2028 729 2127 plurimum
757 2031 791 2102 in
818 2031 966 2104 historia
997 2031 1098 2104 huius
1126 2034 1299 2130 temporis
1327 2036 1476 2107 conscri-

300 2155 421 2228 benda
446 2156 607 2229 tribuerit
636 2158 684 2251 1),
702 2157 877 2230 maiorem
892 2157 1050 2229 ostendit
1063 2157 1351 2255 discrepantiam,
1368 2185 1477 2258 quam

299 2296 338 2352 ut
366 2279 413 2365 ad
441 2280 592 2352 Liviana
617 2278 817 2377 supplenda
844 2283 879 2353 in
904 2296 1027 2378 partes
1055 2283 1176 2355 vocari
1201 2285 1326 2379 possit.
1357 2287 1476 2357 Pauca

300 2401 357 2477 illa
394 2405 607 2500 fragmenta,
639 2430 732 2503 quae
761 2406 973 2478 brevissima
1000 2406 1092 2479 Livii
1118 2407 1289 2503 periocha
1316 2410 1472 2498 exhibet,

300 2555 470 2627 magnam
512 2545 654 2626 partem
694 2530 822 2602 frustra
862 2531 895 2601 in
944 2531 1093 2627 copiosa
1133 2533 1261 2605 Dionis
1302 2531 1475 2607 relatione

298 2670 526 2753 quaeruntur,
566 2655 650 2753 quin
683 2654 792 2727 etiam
818 2669 874 2726 est
899 2655 959 2727 ubi
985 2655 1058 2728 Dio
1087 2671 1213 2751 aperte
1241 2656 1469 2727 contradicat.

299 2780 400 2853 Idem
428 2806 450 2851 a
472 2765 667 2853 ¹Plutarcho
695 2779 792 2851 haud
806 2804 878 2851 uno
893 2777 974 2851 loco
989 2804 1213 2877 magnopere
1228 2778 1355 2865 differt,
1373 2778 1471 2874 quod

300 2921 339 2977 ut
366 2919 540 3002 appareat
569 2902 720 2975 sufficiat
748 2929 967 2999 componere
996 2904 1153 2977 Dionem
1179 2884 1299 2973 XLIX
1325 2925 1343 2971 2
1351 2922 1384 2993 5,
1410 2904 1468 2989 28,

304 3055 363 3120 29,
396 3054 438 3123 31
478 3055 558 3101 cum
591 3025 767 3100 Plutarchi
795 3027 969 3123 capitibus
1000 3033 1059 3122 38,
1093 3053 1152 3121 39,
1170 3050 1310 3120 41,43,
1328 3048 1391 3117 44,
1411 3048 1470 3121 51.

317 3274 343 3309 L1
350 3272 394 3309 VII
414 3272 634 3309 EPITOMATORES.
976 3269 1165 3309 PLUTARCHUS.
1270 3317 1274 3323 ι

336 3404 455 3494 'epitome
484 3428 603 3476 cxxx:
624 3428 659 3475 Μ,
735 3427 855 3476 simfliter
879 3428 944 3478 ent.
972 3427 1014 3489 36,
1043 3436 1084 3487 37.
1105 3426 1188 3484 tradit,
1218 3428 1379 3491 cleopatram
1400 3428 1476 3478 fuisse

302 3517 472 3565 Antonius
501 3515 573 3563 dum
599 3531 667 3563 cum
703 3532 760 3563 cum
788 3517 904 3564 Antonio
924 3516 950 3563 in
969 3514 1040 3577 Syria
1058 3513 1154 3561 bellum
1172 3521 1284 3576 parante,
1311 3532 1393 3580 neque
1420 3524 1477 3565 ante

304 3607 480 3671 Cleopatra
524 3604 664 3653 luxuria·
702 3605 807 3653 domum
844 3604 981 3662 revertisse,
1018 3618 1092 3666 quam
1121 3601 1252 3651 Romanus
1281 3604 1404 3655 exercitus
1431 3606 1480 3676 iter⁴
1535 3642 1539 3648 .

303 3704 404 3753 retur,
431 3693 522 3741 tarde
547 3692 672 3741 Mediam·
699 3700 762 3742 esset
779 3694 913 3758 ingressus.
1085 3752 1091 3763 ι

302 3785 428 3849 ingressus
454 3785 544 3833 bellum
564 3800 620 3831 cum
639 3784 669 3831 le·
742 3784 874 3832 Praeterea
899 3782 1044 3847 conspirant
1070 3780 1156 3829 Livius
1184 3789 1208 3829 et
1226 3782 1373 3832 Plutarchus
1391 3784 1418 3833 in
1436 3800 1477 3841 eo,

297 3874 414 3937 gionz'bus
437 3874 515 3923 decem
534 3883 558 3921 et
575 3882 624 3921 octo
643 3882 666 3921 et
702 3874 772 3939 quod
799 3875 872 3921 tarde
900 3872 1021 3921 exercitus
1042 3872 1067 3919 in
1088 3870 1200 3919 Mediam
1218 3871 1360 3936 pervenisse
1380 3873 1477 3947 dicitur.

301 3963 420 4011 sexdecim
440 3963 539 4011 milibus
556 3962 667 4027 equitum
705 3964 770 4011 Plut.
798 3974 858 4025 35:
888 3963 1007 4028 Πρῶτον
1032 3958 1084 4029 μὲν
1110 3952 1162 4014 οὖν
1180 3956 1271 4013 αὐτοῦ
1289 3957 1357 4014 δέον
1378 3956 1408 4014 ἒν
1422 3957 1478 4028 Ἀρ-

302 4051 408 4101 Parthis
425 4050 519 4101 intulit.
705 4049 789 4121 μενίᾳ
828 4043 1148 4113 διαχειμάσαι.....
1178 4044 1227 4099 καὶ
1253 4044 1320 4111 πρὶν
1345 4040 1363 4113 ἢ
1390 4050 1479 4099 κινεῖν

704 4132 736 4190 ἒν
763 4138 819 4187 τῶν
840 4135 993 4203 χειμαδίων
1012 4128 1151 4200 Πάρθους
1172 4130 1343 4204 deposcitum}
1362 4135 1480 4201 Μηδίαν

705 4226 885 4296 καταλαβεῖν,
904 4218 958 4275 οὐκ
973 4217 1108 4290 ἠνέσχετο
1128 4218 1178 4276 τὸν
1196 4220 1299 4291 χρόνον
1315 4225 1370 4275 κτλ.

741 4318 781 4365 De
809 4317 918 4363 militum
936 4329 1041 4361 numero
1061 4315 1178 4363 nonnihil
1197 4331 1253 4363 cum
1264 4314 1338 4362 Livio
1349 4313 1480 4379 discrepat.

341 4516 367 4583 1)
405 4515 446 4563 Sic
467 4522 532 4563 recte
553 4516 646 4580 opinor
667 4513 792 4561 Wilmans
812 4511 856 4574 (de
875 4508 968 4556 Dionis
988 4507 1066 4555 Cassii
1086 4508 1200 4556 sontibus
1216 4513 1243 4555 et
1257 4506 1411 4567 auctoritate,
1421 4522 1479 4571 pag.

305 4604 346 4668 18)
375 4606 505 4653 testudinis
526 4603 722 4667 descriptionem
740 4600 803 4660 (Dio
824 4598 919 4656 XLIX,
940 4610 982 4657 29,
1002 4595 1065 4657 30.)‚
1083 4612 1148 4661 quae
1166 4595 1235 4660 apud
1255 4596 1360 4644 Florum
1378 4612 1480 4661 quoque

301 4694 400 4759 legitur,
419 4693 452 4742 ad
472 4693 573 4742 Livium
593 4690 694 4739 rettulit.
794 4732 802 4741 ,
