3292 5259
757 326 790 381 17

186 505 252 576 pro
279 478 412 551 viribus
432 475 603 574 expleret,
634 478 839 574 expiscatus
860 492 915 549 est
929 502 977 549 ex
994 477 1154 550 Luciano
1179 480 1212 573 1)
1244 479 1363 551 Mnas-

171 604 296 675 tcirem
328 602 582 699 nescioquem
615 626 742 698 regem
774 600 998 689 Parthorum,
1033 626 1141 699 quem
1167 601 1363 674 Mithridati

186 726 326 821 Magno
344 725 558 798 successisse
577 750 620 799 ac
638 750 719 796 cum
738 724 961 796 Sanatroece
980 724 1027 797 de
1046 750 1160 823 regno
1174 726 1364 801 dimicasse

189 863 382 923 asseverat.
420 848 549 945 Neque
583 847 639 919 hic
667 846 841 936 substitit,
870 846 953 918 ficto
985 847 1066 920 huic
1093 851 1172 946 regi
1200 854 1364 949 quisnam

189 987 292 1068 pater
310 972 423 1062 suerit,
445 998 517 1070 quo
532 973 607 1045 iure
621 997 774 1068 regnum
788 970 855 1043 sibi
869 959 1102 1045 vindicaverit
1115 973 1365 1049 demonstrare

188 1121 298 1192 posse
316 1096 383 1168 sibi
401 1096 498 1169 visus
517 1112 591 1187 est,
617 1122 802 1168 nummum
820 1094 977 1193 denique
1000 1093 1155 1195 aliquem
1175 1124 1222 1171 ex
1241 1096 1364 1172 collec-

188 1219 286 1292 tione
300 1244 366 1292 sua
380 1219 614 1316 exprompsit,
631 1220 736 1318 eique
751 1219 949 1314 assignavit
966 1218 1062 1293 nullo
1077 1218 1147 1295 alio
1162 1223 1237 1296 iure
1256 1249 1365 1322 quam

90 1375 96 1385 1
190 1342 289 1440 quod
316 1342 413 1438 regis
441 1340 598 1437 effigiem
626 1340 774 1415 senilem
790 1342 837 1414 in
863 1343 980 1415 antica
999 1370 1209 1441 expressam
1229 1348 1365 1443 optime
1469 1344 1474 1354 '

190 1465 381 1538 convenire
409 1464 581 1537 iudicaret
608 1490 689 1536 cum
715 1466 836 1538 verbis
863 1466 1021 1556 Luciam,
1052 1468 1113 1565 qui
1138 1469 1185 1541 ad
1207 1496 1366 1567 nonage-

190 1590 320 1661 simum
354 1588 482 1661 aetatis
515 1613 645 1661 annum
677 1590 894 1662 Mnascirem
929 1591 1137 1687 pervenisse
1167 1594 1364 1667 tradiderit.

192 1714 251 1785 Sic
279 1738 396 1785 meras
424 1692 611 1787 effundens
644 1714 876 1802 coniecturas,
907 1730 946 1786 ut
969 1741 1063 1813 quae
1081 1716 1266 1791 historiam
1285 1720 1367 1792 Par-

190 1838 332 1910 thorum
359 1853 526 1934 premunt
553 1836 724 1934 caligines
753 1838 1009 1933 dissiparentur
1033 1818 1167 1913 scilicet
1194 1857 1231 1914 et
1255 1842 1367 1915 discu-

190 1972 358 2050 terentur,
402 1961 455 2033 vir
501 1961 727 2034 doctissimus
769 1983 904 2057 operae
945 1962 1099 2057 pretium
1141 1965 1259 2039 facere
1301 1968 1369 2040 sibi

189 2086 286 2158 visus
315 2100 389 2175 est,
419 2108 493 2181 quo
521 2085 608 2183 quid
636 2101 692 2158 est
720 2086 894 2182 ineptius?
928 2089 963 2181 ν)

232 2302 257 2373 1)
293 2305 397 2365 Lucian,
427 2305 557 2369 Longaev.
589 2315 634 2367 15:
663 2297 859 2368 Σινατρούκης
877 2298 909 2354 δὲ
927 2296 942 2354 ὁ
963 2300 1142 2367 Παρθυαίων
1160 2292 1289 2369 βασιλεὺς
1308 2292 1369 2356 ἔτος

193 2385 384 2459 ὀγδοηκοστὸν
396 2384 456 2457 ’ἤδη
473 2386 594 2457 γεγονὼς
611 2384 667 2441 ἀπὸ
686 2385 886 2456 Σακαυράκων
903 2388 1029 2441 Σκυθῶν
1047 2383 1200 2454 καταχθεὶς
1210 2380 1370 2456 βασιλεύειν

193 2471 297 2543 ἤρξατο
321 2474 369 2528 καὶ
387 2468 565 2545 ἐβασίλευσεν
584 2469 631 2541 ἔτη
652 2466 731 2526 ἕκτα.
766 2476 868 2525 Deinde
891 2477 947 2525 aliis
969 2476 1078 2540 regibus,
1105 2475 1215 2538 Tigrane
1237 2472 1369 2529 Armenio,

193 2567 322 2631 tribusque
347 2566 414 2615 urbis
440 2564 557 2613 Characis
585 2563 696 2627 dynastis
724 2564 877 2629 interpositis
903 2564 937 2611 ita
951 2562 1058 2627 pergit:
1085 2556 1133 2611 καὶ
1150 2558 1319 2624 Μνασκίρης
1336 2553 1368 2608 δὲ

194 2648 323 2721 βασιλεὺς
349 2650 527 2719 Παρθυαίων
553 2642 583 2713 ἓξ
609 2646 657 2701 καὶ
683 2642 855 2717 ἐνενήκοντα
881 2643 978 2716 ἔζησεν
997 2645 1053 2715 ἔτη.
1091 2650 1117 2698 Si
1134 2648 1199 2697 nihil
1217 2648 1294 2706 aliud,
1317 2647 1368 2695 iam
1437 2685 1440 2691 .

193 2754 246 2794 tota
269 2745 378 2793 obstaret
406 2741 468 2791 ratio
494 2747 518 2789 et
543 2740 678 2789 consilium
701 2740 776 2788 huius
799 2740 905 2789 Luciani
929 2740 1018 2791 libelli,
1046 2738 1172 2786 Lucianus
1191 2736 1266 2795 enim,
1296 2750 1369 2799 reges

193 2833 333 2896 longaevos
352 2845 508 2891 enumerans,
529 2829 556 2876 id
574 2828 632 2892 agit,
653 2834 679 2876 ut
699 2828 811 2877 eiusdem
830 2828 912 2892 gentis
931 2844 1001 2891 reges
1021 2834 1159 2891 componat
1178 2827 1246 2875 etsie
1256 2825 1368 2889 quidem,

194 2928 221 2967 ut
248 2916 386 2967 secundum
412 2924 519 2967 aetatem
546 2933 597 2981 qua
624 2917 739 2965 vixerunt
768 2917 831 2965 alter
858 2916 964 2964 alterum
992 2922 1117 2979 sequatur.
1148 2914 1224 2963 Unde
1255 2913 1367 2970 efficitur,

195 3013 221 3055 ut
250 3006 333 3069 siquid
361 3005 466 3053 Luciani
494 3006 570 3053 verba
598 3004 630 3053 de
657 3012 771 3069 tempore
790 3005 856 3068 regis
874 3004 1008 3051 Mnasciris
1026 3009 1139 3065 arguant,
1159 3010 1217 3067 post
1242 3017 1294 3049 non
1312 3008 1370 3048 ante

196 3092 372 3140 Sanatroecem
391 3106 507 3155 regnasse
524 3092 596 3141 illum
615 3091 774 3140 statuendum
793 3091 832 3139 sit.
851 3092 902 3137 Fac
922 3096 1012 3150 autem,
1033 3106 1119 3139 revera
1134 3090 1201 3139 duos
1220 3091 1279 3139 illos
1298 3106 1370 3139 senes

197 3177 338 3243 decrepitos
363 3178 468 3225 alterum
494 3178 565 3227 alteri
592 3178 749 3236 successisse,
776 3192 863 3225 nonne
890 3177 981 3225 mirum
1012 3178 1118 3239 videtur,
1147 3179 1218 3243 quod
1245 3179 1371 3227 Lucianus

196 3283 249 3315 rem
276 3274 326 3315 tam
353 3282 445 3314 novam
470 3273 493 3315 et
519 3266 664 3326 inauditam,
692 3272 742 3313 tam
770 3272 918 3329 argumento
947 3273 1134 3330 congruentem,
1172 3282 1371 3315 commemorare

195 3356 327 3422 neglexit?

232 3448 259 3511 2)
279 3444 372 3494 Merito
391 3444 507 3493 Visconti
526 3444 592 3492 hanc
612 3442 645 3491 de
668 3442 794 3491 Mnascire
811 3458 871 3506 rege
880 3423 1049 3491 coniecturam
1059 3442 1169 3506 explosit
1175 3461 1182 3501 3
1202 3449 1370 3506 quamautem

195 3536 248 3600 ipse
273 3534 406 3594 substituit,
432 3548 462 3581 ea
484 3532 553 3581 haud
580 3532 662 3580 minus
691 3530 767 3595 digna
785 3538 822 3579 est
838 3530 1042 3595 reprehensione.
1062 3530 1169 3579 Protulit
1186 3531 1282 3579 scilicet
1301 3546 1371 3579 num·

195 3638 264 3672 mum
295 3622 370 3671 valde
404 3620 521 3669 detritum
555 3626 630 3683 atque
656 3619 807 3677 mutilatum,
836 3619 862 3667 in
889 3619 959 3667 cuius
986 3618 1069 3667 antica
1094 3619 1247 3684 conspicitur
1274 3619 1370 3683 effigies

198 3710 307 3759 Phraatis
327 3710 373 3769 IV,
392 3708 453 3757 dum
471 3724 528 3772 pars
548 3723 633 3757 aversa
662 3707 763 3755 exhibet
789 3707 886 3755 vultum
914 3707 1097 3756 adolescentuli
1125 3724 1181 3757 cum
1209 3708 1283 3756 titulo
1311 3709 1370 3757 satis

196 3806 319 3858 truncato,
338 3799 405 3847 unde
422 3799 497 3847 hasce
506 3798 600 3847 litteras
611 3797 799 3862 deprehendere
809 3797 858 3845 sibi
868 3796 934 3845 visus
945 3803 993 3844 est:
1013 3794 1220 3847 ΜΝΑΣΚΤΡΑ
1239 3798 1302 3846 KIA
1312 3832 1318 3845 .
1329 3833 1336 3847 .
1346 3833 1352 3846 .
1364 3834 1369 3846 .

200 3883 283 3937 ΤΟΝ
305 3886 363 3936 Και
388 3884 627 3935 ΒΑΣΙΛΙΣΣΗΣ
651 3884 778 3935 ΑΡΣΗΣ
794 3884 950 3934 ΒΑΣΙΛεα.
971 3884 1044 3933 Haec
1063 3883 1098 3932 ita
1122 3884 1312 3948 interpretatur:
1332 3886 1371 3942 „le

197 3974 237 4023 roi
264 3972 386 4037 Mnascyr
393 3974 442 4038 fils
459 3972 489 4019 de
510 3972 554 4021 Cia
578 4000 601 4009 -
625 3970 696 4019 etde
715 3973 741 4019 la
761 3972 830 4019 reine
848 3973 921 4021 Arse'.
945 3999 971 4007 —
999 3973 1040 4022 Un
1058 3988 1251 4035 utmwgrrrmme,
1270 3976 1302 4019 ori
1320 3970 1371 4020 l'on

196 4062 320 4126 distingue
345 4077 382 4109 uu
408 4062 433 4109 A
451 4060 527 4108 re'uni
543 4063 560 4107 ὰ
578 4076 615 4107 un
634 4059 664 4109 H
680 4069 704 4107 et
721 4064 737 4108 ὰ
755 4076 792 4107 uu
813 4061 843 4118 0,
864 4067 899 4108 est
911 4064 994 4123 grave'
1011 4060 1077 4107 deux
1088 4060 1144 4125 sois
1162 4040 1225 4107 dans
1242 4061 1264 4107 le
1283 4060 1372 4124 champ

197 4170 227 4201 en
245 4152 338 4200 devant
354 4151 383 4199 de
401 4150 427 4198 la
446 4154 511 4207 teta·
530 4146 585 4197 c'est
597 4150 619 4197 le
635 4154 712 4198 rueme
730 4164 916 4211 morwgramme
934 4165 979 4212 que
997 4164 1059 4196 nous
1078 4164 1155 4196 avons
1174 4152 1308 4210 remurque'
1324 4164 1372 4195 sur

189 4240 321 4306 plusieurs
349 4247 434 4287 autres
461 4238 586 4287 me'dur'lles
610 4239 650 4287 des
668 4240 780 4296 Arsaces,
800 4246 823 4285 et
841 4254 888 4301 que
898 4236 954 4301 j’ai
970 4254 1017 4285 cru
1027 4236 1140 4301 pouvor'r
1158 4243 1293 4299 rapporter
1310 4239 1327 4281 ὰ
1344 4236 1371 4283 la

197 4330 284 4393 re'gion
310 4345 342 4377 ou
368 4326 480 4392 satrapie
494 4327 523 4375 de
540 4324 749 4391 l'Apollouz'atz'de.
769 4326 796 4373 ll
812 4342 851 4374 me
860 4329 956 4389 paruit
964 4325 1086 4389 probable
1104 4340 1150 4387 que
1168 4324 1194 4370 la
1212 4323 1281 4370 reine
1298 4324 1371 4382 Arse,

198 4424 264 4468 mere
291 4420 323 4468 de
349 4418 479 4481 Mnascyr,
500 4415 561 4463 c'tait
578 4416 639 4481 fille
656 4432 688 4463 ou
707 4415 742 4462 du
762 4414 841 4463 moires
854 4422 964 4479 parente
982 4414 1011 4460 de
1025 4413 1140 4461 Phraate
1158 4410 1206 4458 IV
1226 4418 1250 4457 et
1275 4426 1322 4473 que
1347 4428 1372 4458 ce

190 4508 282 4572 prince
311 4506 383 4555 avait
408 4503 489 4553 donne'
516 4504 534 4549 ct
555 4520 599 4552 son
616 4504 733 4569 petit-fils
750 4503 776 4551 la
794 4503 905 4567 satrapie
922 4502 952 4550 de
969 4500 1171 4565 PApollom'atide
1197 4514 1255 4545 auec
1271 4498 1294 4545 le
1311 4498 1372 4547 titre

199 4597 228 4644 de
245 4597 291 4647 roi.
311 4598 339 4645 ll
355 4611 397 4645 me*
403 4598 498 4661 paruit
513 4609 599 4643 encore
617 4592 752 4655 &galement
761 4592 883 4655 probable
902 4607 948 4654 que
966 4590 988 4637 le
997 4588 1089 4652 prince
1107 4586 1258 4647 Mnaskyres
1276 4585 1322 4647 qui
1338 4595 1373 4633 est

1203 4697 1221 4743 2
