3292 5259
738 348 773 407 ²5

217 497 313 569 Inter
341 522 405 571 eos
431 497 490 596 qui
510 514 594 594 post
608 496 745 572 bellum
758 500 970 572 Armenium
984 501 1198 575 seditionem
1216 520 1339 577 contra
1405 533 1407 536 ·

164 620 414 695 Mithridatem
429 623 635 711 movebant,
653 624 852 720 principem
865 621 983 697 locum
991 626 1179 700 obtinebat
1187 627 1337 719 Surena,

163 745 371 841 praeclarus
405 745 461 820 ille
496 749 585 836 dux,
609 749 684 847 'qui
711 763 842 844 postea
866 748 1005 821 Parthis
1031 749 1065 822 in
1093 748 1188 825 bello
1216 768 1340 839 contra

163 874 338 947 Crassum
365 873 526 970 praefuit.
558 872 628 944 Hic
654 871 802 969 quidem
827 871 1002 961 Orodem,
1030 873 1065 945 in
1084 862 1247 946 exsilium
1266 874 1340 971 pul-

163 1025 258 1087 sum,
288 996 499 1070 restituitin
518 996 683 1092 patriam,
714 996 884 1069 diadema
902 997 936 1069 ei
950 996 1110 1093 imponit,
1138 996 1340 1073 Seleuciam

163 1125 293 1197 urbem
328 1136 526 1218 expugnat.
555 1122 588 1214 1)
643 1120 754 1213 Quod
780 1120 931 1193 lustinus
956 1120 1058 1193 addit
1082 1121 1129 1195 de
1153 1121 1339 1219 Babylone

163 1263 283 1345 capta,
310 1246 347 1318 id
366 1246 510 1319 biennio
529 1258 613 1340 post
631 1244 764 1316 factum
782 1260 848 1317 est.
880 1245 979 1316 Prius
998 1246 1093 1317 enim
1112 1246 1337 1322 Mithridates

88 1360 93 1371 ’
162 1399 248 1445 cum
275 1371 417 1443 Orsanc
442 1368 603 1465 quodam
622 1371 656 1463 2)
679 1393 720 1440 se
734 1368 872 1441 confert
885 1369 933 1441 ad
947 1369 1168 1465 provinciam
1182 1371 1335 1468 Syriam,

166 1521 279 1593 quam
303 1495 350 1566 ab
376 1518 470 1566 anno
492 1513 539 1585 57
556 1493 602 1565 A.
621 1493 796 1566 Gabinius
810 1491 1002 1589 proconsul
1017 1494 1213 1585 obtinebat,
1242 1522 1338 1570 eum·

165 1640 239 1719 que
272 1632 470 1716 permovet,
507 1632 546 1689 ut
578 1642 643 1689 sua
680 1642 788 1689 causa
813 1617 1082 1712 expeditionem
1108 1619 1278 1715 suscipiat
1305 1621 1338 1692 in

145 1743 328 1818 'Parthos
371 1742 527 1838 Appian.
572 1740 652 1837 Syr}
699 1762 768 1833 51:
808 1759 889 1822 ,mal
913 1760 1074 1825 πολεμεῖν
1099 1756 1159 1814 τὸν
1183 1758 1340 1827 Γαβίνιον

164 1882 330 1960 ὁρμῶντα·
355 1864 514 1973 (scilicet
529 1880 654 1938 contra
682 1866 824 1937 Arabes
842 1862 1021 1952 finitimos
1052 1864 1112 1961 qui
1131 1864 1340 1937 iamdudum

168 1992 257 2065 fines
270 1990 476 2088 provinciae
491 1989 771 2084 infestaverant.)
801 2002 1017 2073 Μιθριδάτης
1025 2002 1088 2071 μὲν
1098 1998 1118 2059 ὁ
1129 2005 1341 2076 Παρθυαίων

94 2104 97 2110 ¹
164 2130 324 2200 βασιλεὺς
352 2124 615 2199 ἑξελαυνόμενος
639 2127 699 2195 τῆς
724 2119 830 2196 ἀρχῆς
855 2117 906 2178 ὑπ’
933 2117 1080 2194 ’ορώόου
1105 2122 1168 2176 τοῦ
1186 2116 1339 2190 ἀδελφοῦ

166 2255 308 2324 μετῆγεν
327 2248 362 2323 ἐξ
377 2248 522 2325 Ἀράβων
540 2247 594 2308 ἐπὶ
613 2253 848 2325 Παρθνυαίους.
886 2236 1047 2332 Itemque
1075 2235 1149 2308 Dio
1163 2232 1337 2320 XXXIX,

170 2366 237 2453 563
266 2360 322 2431 hic
347 2375 468 2431 tamen
488 2359 582 2432 ineo
597 2383 730 2447 errans,
760 2359 860 2456 quod
873 2383 940 2455 pro
953 2358 1160 2433 Mithridate
1174 2357 1339 2432 Orodem

168 2509 415 2558 successorem
449 2483 611 2556 Phraatis
644 2483 814 2556 nominat.
870 2483 1045 2556 Gabinius
1074 2483 1183 2580 igitur
1207 2480 1353 2556 bellum·

170 2608 373 2681 Parthicum
387 2622 507 2703 parat,
535 2607 678 2705 iamque
694 2607 916 2703 Euphratem
930 2607 1060 2679 flumen
1075 2606 1278 2695 traiecerat,
1299 2609 1335 2701 3)

167 2759 279 2831 quum
303 2731 510 2829 supervenit
537 2728 765 2804 Ptolemaeus
790 2728 966 2818 AuleteS,
993 2731 1054 2828 qui
1080 2747 1117 2804 et
1143 2732 1220 2827 ipse
1244 2730 1338 2802 utin

168 2882 321 2953 regnum
344 2882 448 2947 suum
473 2856 703 2929 reduceretur
722 2880 848 2943 orans,
876 2855 1038 2951 praemio
1060 2855 1188 2927 decem
1206 2852 1340 2926 milium

170 2978 344 3052 talentum
358 2980 547 3075 proposito
562 2979 775 3076 impetravit,
796 2994 837 3051 ut
855 2979 980 3051 itinere
994 3003 1169 3051 converso
1183 2975 1339 3050 Alexan-

169 3102 285 3174 driam
299 3101 355 3173 ille
369 3088 623 3173 contenderet(
641 3102 745 3174 Haec
758 3101 943 3197 expeditio
958 3101 1044 3173 inita
1058 3116 1114 3174 est
1127 3101 1221 3173 circa
1233 3100 1341 3173 finem

170 3227 254 3300 anni
281 3231 341 3317 56,
370 3223 426 3297 vel
451 3224 595 3297 ineunte
621 3248 716 3298 anno
743 3240 927 3322 sequente,
958 3250 1041 3297 nam
1066 3250 1190 3298 mense
1208 3226 1340 3299 Martio

169 3349 253 3423 anni
290 3369 336 3441 55
380 3345 610 3431 Ptolemaeus
638 3347 766 3419 iterum
792 3348 827 3419 in
854 3345 945 3421 solio
970 3348 1074 3445 regio
1099 3348 1272 3438 sedebat,
1302 3366 1341 3422 ut

107 3550 109 3555 ,
174 3472 270 3547 haud
309 3469 592 3568 improbabiliter
631 3470 780 3544 efficitur
810 3495 857 3545 ex
892 3472 1075 3545 Ciceronis
1107 3470 1259 3569 epistola
1293 3473 1347 3567 ad,

170 3596 330 3669 Atticum
355 3596 416 3683 IV,
458 3618 514 3683 10,
542 3595 675 3689 scripta
702 3620 734 3667 a.
762 3596 796 3667 d.
827 3594 865 3666 X
889 3592 970 3668 Kal.
999 3596 1131 3669 Maias:
1164 3599 1342 3671 »Puteolis

171 3744 326 3816 magnus
353 3729 405 3791 cst
427 3745 557 3792 rumor
581 3720 819 3792 Ptolemaeum
846 3746 918 3792 esse
944 3721 985 3792 in
1009 3722 1153 3819 regno.”

224 3842 327 3913 Nunc
352 3842 423 3914 iam
446 3843 643 3915 accuratius
668 3857 827 3916 statuere
844 3869 1051 3939 possumus,
1081 3871 1154 3943 quo
1177 3861 1341 3942 tempore

172 3965 399 4039 Mithridates
422 3990 536 4063 regno
555 3963 677 4061 pulsus
696 3966 743 4038 ad
759 3966 953 4039 Gabinium
966 3969 1179 4062 pervenerit.
1207 3969 1341 4041 Arche·

174 4088 251 4163 laus
278 4090 384 4176 enim,
414 4114 523 4186 quem
547 4089 581 4161 in
601 4087 798 4163 Ptolemaei
817 4087 935 4163 locum
953 4088 1187 4164 Alexandrini
1213 4118 1341 4189 regem

169 4214 437 4302 substituerant,
467 4238 534 4309 per
560 4239 627 4286 sex
652 4238 794 4286 menses
819 4214 922 4311 regia
949 4214 1131 4287 fruebatur
1153 4216 1338 4312 dignitate,

169 4376 373 4385 m—

211 4455 234 4515 1)
273 4450 310 4499 Cf.
329 4452 394 4499 Plut.
414 4450 494 4499 Crass.
518 4463 559 4499 21.

208 4543 234 4605 2)
273 4541 311 4592 Cf.
331 4541 401 4590 Flav.
424 4541 475 4589 Ios.
494 4542 554 4589 Ant.
573 4540 631 4603 Jud.
652 4541 722 4598 XIV,
743 4540 766 4587 6.

207 4632 234 4693 3)
270 4628 307 4678 Cs.
329 4629 397 4677 Flav.
417 4629 468 4678 los.
487 4630 547 4677 Ant.
566 4628 624 4693 Jud.
646 4629 717 4687 XIV,
736 4628 760 4677 6.
781 4642 804 4677 2.
