3292 5259
851 269 887 323 26

287 449 340 523 Cl.
364 445 514 525 ,Strabo
554 465 572 535 5
581 446 649 534 58:
694 457 773 521 ,,καί
797 451 1027 524 ααραόεχθείς
1053 443 1270 516 ἐβασίλευσεν
1288 440 1324 516 ἕξ
1341 447 1463 517 μῆνας.

286 594 408 648 τοῦτον
423 587 487 657 μὲν
505 582 524 643 ὁ
545 585 698 653 Γαβίνιος
716 576 848 637 ἀνεῖλεν
861 573 1089 649 ἑνιιαρατάξει
1098 574 1254 644 κατάγων
1263 573 1324 629 τὸν
1333 576 1463 628 Πτολε-

285 722 399 785 μαῖον.
457 696 666 790 Antequam
699 715 765 761 rex
800 684 1045 759 Alexandriae
1078 696 1244 778 receptus
1278 696 1344 769 est,
1372 681 1393 753 i.
1424 706 1461 754 e.

286 819 503 919 igitur'ante
528 840 690 889 mensem
716 810 971 907 Septembrem
998 806 1080 880 anni
1116 810 1164 896 56
1191 804 1399 877 morabatur
1424 804 1462 874 in

287 946 393 1041 Syria
421 968 501 1015 cum
528 938 695 1024 Gabinio,
726 937 797 1009 iam
824 951 907 1007 tunc
927 930 1060 1005 bellum
1078 929 1281 1001 Parthicum
1294 932 1461 1024 parante.

289 1069 342 1143 Cf.
373 1068 507 1141 Strabo
537 1070 627 1157 796:
667 1078 835 1149 ,,Γαβινίῳ
853 1075 890 1131 σὲ
907 1072 986 1129 τότε
1004 1070 1239 1143 συνδιέτριψεν
1257 1066 1303 1141 ὠς
1319 1085 1464 1145 συστρα-

287 1210 417 1269 τεύσων
436 1206 490 1267 ἐπὶ
510 1208 744 1280 Παρθυαίους,
763 1203 885 1259 λαθών
902 1200 939 1257 σὲ
956 1202 1080 1255 τοῦτον
1096 1200 1270 1268 κομίζεται
1287 1200 1343 1254 διά
1362 1217 1467 1256 τινων

289 1336 336 1407 είς
352 1336 413 1407 τὴν
430 1336 630 1404 βασίλισσαν
647 1334 704 1387 καί
723 1327 963 1387 ἀναδείκνυται
980 1324 1165 1395 βασιλεύς.”
1202 1309 1312 1381 Haud
1339 1306 1464 1405 procul

289 1467 380 1538 ergo
413 1441 497 1513 mihi
524 1439 651 1513 videor
676 1462 699 1511 a
725 1461 813 1509 vero
842 1436 994 1523 abesse,
1024 1434 1054 1507 si
1072 1433 1334 1522 Mithridatem,
1365 1435 1466 1529 cuius

290 1567 465 1639 adventus
502 1561 696 1636 Gabinium
728 1558 775 1631 ad
808 1556 942 1630 bellum
975 1558 1205 1653 permoverit,
1241 1560 1312 1631 iam
1344 1559 1467 1631 media

290 1703 429 1762 aestate
457 1662 504 1759 ex
532 1685 676 1758 Parthia
700 1684 835 1780 fugisse
861 1681 1028 1757 statuam.
1100 1681 1133 1749 ’.

345 1811 519 1884 Gabinius
544 1825 661 1882 utrum
688 1834 815 1906 regem
834 1808 1036 1881 Parthicum
1055 1835 1178 1882 secum
1197 1809 1231 1881 in
1250 1811 1465 1907 Aegyptum

184 1946 185 1949 ’
290 1934 490 2023 abduxerit,
521 1960 567 2006 an
594 1934 629 2005 in
657 1934 762 2029 Syria
790 1932 981 2030 reliquerit,
1010 1959 1081 2007 non
1095 1933 1226 2032 liquet,
1253 1937 1320 2009 sed
1339 1952 1467 2033 aperte

291 2060 417 2135 falsum
432 2074 498 2147 est,
521 2057 620 2154 quod
634 2056 734 2129 addit
748 2056 996 2129 Mommsenus
1011 2057 1045 2128 in
1060 2058 1153 2130 Hist.
1170 2059 1278 2131 Rom.
1296 2059 1350 2146 Ill,
1370 2081 1465 2151 327:

297 2186 364 2256 »ln
391 2184 456 2255 αἰν
467 2183 700 2278 Ενιαανίααξ
710 2183 798 2253 bald
805 2182 938 2253 wz‘eder
949 2183 1085 2254 ,ιιινιίιί
1098 2209 1145 2255 zu
1158 2186 1235 2256 sez'n
1249 2186 1469 2259 νινιιιιίαιιίι

291 2335 333 2381 ιν
353 2309 420 2380 den
448 2284 590 2378 bez't'lzm
603 2306 724 2403 Hillfe
736 2307 911 2379 ίιίίιαιίαι
923 2307 1145 2379 ιαίίίινονιίια
1162 2308 1467 2403 Partherfiirsten

288 2435 360 2505 den
394 2432 517 2527 Kriag
546 2431 761 2503 ziazwzrclran
797 2431 874 2512 auf
900 2430 1018 2527 agrena
1053 2432 1173 2503 Faust
1205 2458 1252 2504 zu
1286 2432 1463 2527 erdffnen.

296 2555 531 2627 Mithridates
557 2553 638 2625 that
654 2554 722 2626 es.'’
748 2554 884 2625 Contra
897 2579 919 2625 e
933 2551 1059 2652 Flauio
1078 2555 1233 2651 losepho
1251 2555 1347 2643 XIV,
1371 2561 1405 2642 6,
1427 2578 1464 2645 4.

294 2692 434 2750 constat
461 2678 643 2773 aliquanto
664 2687 747 2772 post
774 2676 929 2749 Gabzizz‘z'
949 2680 991 2750 ιἰι
1015 2677 1165 2774 Syriam
1177 2679 1335 2751 reditum
1349 2679 1467 2751 dimis-

293 2828 373 2875 sum
401 2798 497 2872 illum
525 2800 559 2871 in
586 2800 739 2895 patriam
767 2801 968 2873 revertisse.
1025 2801 1076 2873 Ibi
1103 2802 1327 2899 nescioquo
1355 2803 1465 2875 modo

293 2923 479 3021 Babylone
492 2925 628 3021 potitus
641 2940 707 3013 est,
728 2924 794 2996 sed
808 2926 856 2997 ab
871 2924 998 2997 Orode
1012 2941 1253 3021 oppugnatus,
1274 2933 1467 3024 postquam

295 3052 421 3123 urbem
449 3075 561 3145 seque
589 3049 705 3145 ipsum
728 3048 763 3120 in
782 3063 1003 3144 potestatem
1022 3050 1098 3121 eius
1116 3049 1323 3139 tradiderat,
1354 3052 1470 3124 fratris

296 3174 391 3245 iussu
428 3169 588 3243 ultimum
630 3172 736 3245 subiit
761 3170 981 3269 supplicium.
1039 3174 1145 3245 Hunc
1170 3172 1252 3246 belli
1280 3175 1470 3248 domestici

296 3296 403 3368 finem
430 3294 597 3368 adscribo
623 3320 718 3367 anno
752 3316 813 3386 54,
844 3296 942 3391 quod
956 3296 1021 3369 ιίιιι
1038 3294 1262 3393 Babylonem
1281 3299 1471 3372 obsessam

297 3420 447 3492 lustinus
475 3420 594 3507 tradit,
622 3443 688 3492 nec
713 3418 850 3507 dubito,
879 3420 963 3516 quin
982 3420 1051 3493 hae
1074 3423 1202 3494 turbae
1216 3420 1336 3495 civiles
1355 3422 1472 3496 Orodi
1539 3489 1542 3494 ,

298 3543 426 3616 suerint
453 3543 487 3613 in
516 3568 634 3632 causa,
662 3568 724 3614 cur
750 3543 883 3617 Crasso
912 3544 949 3615 id
976 3546 1150 3641 temporis
1177 3544 1250 3618 late
1285 3572 1387 3619 arma
1406 3573 1474 3620 sua

299 3668 333 3737 in
360 3666 629 3761 Mesopotamia
655 3666 982 3763 circumferenti,1)
1012 3669 1156 3741 obviam
1182 3669 1233 3741 ire
1258 3667 1469 3765 neglexerit.

355 3786 638 3862 Celeberrimam
667 3789 787 3862 Crassi
815 3789 1086 3886 expeditionem
1104 3791 1202 3864 hisce
1221 3793 1474 3865 tantummodo

299 3914 418 3987 verbis
447 3913 597 3985 Iustinus
625 3913 810 3986 describit:
845 3914 1004 3986 »Orodes
1031 3915 1160 3987 bellum
1187 3942 1266 3987 cum
1294 3918 1474 3987 Romanas

294 4039 410 4134 gessit
431 4038 670 4133 Crassumque
688 4038 936 4132 tmperatorem
953 4038 1127 4134 cumfilz'o
1151 4054 1193 4111 et
1219 4040 1332 4112 omni
1358 4063 1474 4112 exer·

302 4161 388 4257 citu
423 4161 615 4233 Romano
640 4159 795 4233 delevz't.’'
821 4157 975 4232 Meliora
1002 4185 1068 4232 nos
1096 4162 1229 4234 docent
1253 4159 1472 4250 Plutarchus,

303 4284 388 4373 Dio,
418 4284 617 4381 AppianuS,
646 4283 809 4380 equibus
823 4297 935 4378 patet,
954 4282 1156 4380 complures
1170 4282 1299 4357 milites
1313 4308 1360 4357 ex
1374 4299 1476 4357 tanta

342 4558 365 4619 1)
403 4554 441 4603 Cl.
461 4556 526 4604 Plut.
547 4554 627 4602 Crass.
651 4564 698 4615 173
725 4552 776 4600 Dio
796 4564 839 4613 40,
863 4564 901 4615 13.
