<?xml version="1.0" encoding="UTF-8"?>
<!DOCTYPE html PUBLIC "-//W3C//DTD XHTML 1.0 Transitional//EN"
    "http://www.w3.org/TR/xhtml1/DTD/xhtml1-transitional.dtd">
<html xmlns="http://www.w3.org/1999/xhtml" xml:lang="en" lang="en">
 <head>
  <title>
</title>
<meta http-equiv="Content-Type" content="text/html;charset=utf-8" />
  <meta name='ocr-system' content='tesseract 3.04.00' />
  <meta name='ocr-capabilities' content='ocr_page ocr_carea ocr_par ocr_line ocrx_word'/>
</head>
<body>
  <div class='ocr_page' id='page_1' title='image "./quaestionespart00fenngoog_0069.png"; bbox 0 0 3292 5259; ppageno 0'>
   <div class='ocr_carea' id='block_1_1' title="bbox 725 383 762 442">
    <p class='ocr_par' dir='ltr' id='par_1_1' title="bbox 725 383 762 442">
     <span class='ocr_line' id='line_1_1' title="bbox 725 383 762 442; baseline 0 0"><span class='ocrx_word' id='word_1_1' title='bbox 725 383 762 442; x_wconf 90' lang='grc'>53</span> 
     </span>
    </p>
   </div>
   <div class='ocr_carea' id='block_1_2' title="bbox 129 533 1435 2243">
    <p class='ocr_par' dir='ltr' id='par_1_2' title="bbox 129 533 1435 1374">
     <span class='ocr_line' id='line_1_2' title="bbox 159 533 1333 633; baseline -0.001 -24"><span class='ocrx_word' id='word_1_2' title='bbox 159 538 297 610; x_wconf 89' lang='lat' dir='ltr'>linito</span> <span class='ocrx_word' id='word_1_3' title='bbox 333 536 625 633; x_wconf 85' lang='lat' dir='ltr'>Hispaniensi</span> <span class='ocrx_word' id='word_1_4' title='bbox 653 533 790 608; x_wconf 91' lang='lat' dir='ltr'>bello’&#39;</span> <span class='ocrx_word' id='word_1_5' title='bbox 811 547 917 633; x_wconf 81' lang='lat' dir='ltr'>gesta</span> <span class='ocrx_word' id='word_1_6' title='bbox 944 533 1086 609; x_wconf 75' lang='lat' dir='ltr'>essent.&#39;’</span> <span class='ocrx_word' id='word_1_7' title='bbox 1114 536 1153 607; x_wconf 92' lang='lat' dir='ltr'>ln</span> <span class='ocrx_word' id='word_1_8' title='bbox 1178 536 1333 608; x_wconf 91' lang='lat' dir='ltr'>eandem</span> 
     </span>
     <span class='ocr_line' id='line_1_3' title="bbox 160 659 1435 760; baseline 0 -27"><span class='ocrx_word' id='word_1_9' title='bbox 160 660 375 760; x_wconf 84' lang='lat' dir='ltr'>sententiam</span> <span class='ocrx_word' id='word_1_10' title='bbox 416 660 554 731; x_wconf 91' lang='lat' dir='ltr'>iverunt</span> <span class='ocrx_word' id='word_1_11' title='bbox 594 660 705 731; x_wconf 73' lang='lat' dir='ltr'>Estre&#39;</span> <span class='ocrx_word' id='word_1_12' title='bbox 744 659 958 754; x_wconf 90' lang='lat' dir='ltr'>(Horatiana</span> <span class='ocrx_word' id='word_1_13' title='bbox 997 660 1335 756; x_wconf 89' lang='lat' dir='ltr'>prosopographeia</span> <span class='ocrx_word' id='word_1_14' title='bbox 1433 737 1435 740; x_wconf 70' lang='grc'><strong>,</strong></span> 
     </span>
     <span class='ocr_line' id='line_1_4' title="bbox 161 772 1332 881; baseline -0.003 -24"><span class='ocrx_word' id='word_1_15' title='bbox 161 810 247 881; x_wconf 86' lang='lat' dir='ltr'><strong>pag.</strong></span> <span class='ocrx_word' id='word_1_16' title='bbox 287 786 398 879; x_wconf 76' lang='lat'>224),</span> <span class='ocrx_word' id='word_1_17' title='bbox 432 772 668 878; x_wconf 53' lang='lat' dir='ltr'>Orellz&#39;us&#39;fin</span> <span class='ocrx_word' id='word_1_18' title='bbox 696 782 855 855; x_wconf 87' lang='lat' dir='ltr'>editione</span> <span class='ocrx_word' id='word_1_19' title='bbox 883 782 1024 855; x_wconf 86' lang='lat' dir='ltr'>Horatii</span> <span class='ocrx_word' id='word_1_20' title='bbox 1050 783 1073 856; x_wconf 90' lang='lat' dir='ltr'>l.</span> <span class='ocrx_word' id='word_1_21' title='bbox 1102 807 1187 880; x_wconf 88' lang='lat' dir='ltr'>pag.</span> <span class='ocrx_word' id='word_1_22' title='bbox 1225 787 1332 879; x_wconf 77' lang='lat'>144),</span> 
     </span>
     <span class='ocr_line' id='line_1_5' title="bbox 160 906 1333 1003; baseline -0.002 -22"><span class='ocrx_word' id='word_1_23' title='bbox 160 912 416 981; x_wconf 79' lang='lat' dir='ltr'>Mommsenus</span> <span class='ocrx_word' id='word_1_24' title='bbox 440 907 616 1002; x_wconf 86' lang='lat' dir='ltr'>(Monum.</span> <span class='ocrx_word' id='word_1_25' title='bbox 656 906 790 1002; x_wconf 86' lang='lat' dir='ltr'>Ancyr.</span> <span class='ocrx_word' id='word_1_26' title='bbox 829 931 915 1002; x_wconf 88' lang='lat' dir='ltr'>pag.</span> <span class='ocrx_word' id='word_1_27' title='bbox 957 909 1036 1003; x_wconf 82' lang='lat'>91).</span> <span class='ocrx_word' id='word_1_28' title='bbox 1076 950 1127 960; x_wconf 87' lang='lat'>-</span> <span class='ocrx_word' id='word_1_29' title='bbox 1157 907 1333 1000; x_wconf 82' lang='lat' dir='ltr'>Quamvis</span> 
     </span>
     <span class='ocr_line' id='line_1_6' title="bbox 129 1030 1334 1128; baseline 0 -25"><span class='ocrx_word' id='word_1_30' title='bbox 129 1030 132 1036; x_wconf 81' lang='grc'><strong>’</strong></span> <span class='ocrx_word' id='word_1_31' title='bbox 164 1032 272 1128; x_wconf 92' lang='lat' dir='ltr'>igitur</span> <span class='ocrx_word' id='word_1_32' title='bbox 297 1056 424 1104; x_wconf 88' lang='lat' dir='ltr'>verear</span> <span class='ocrx_word' id='word_1_33' title='bbox 450 1055 495 1103; x_wconf 93' lang='lat' dir='ltr'>ne</span> <span class='ocrx_word' id='word_1_34' title='bbox 523 1030 593 1102; x_wconf 88' lang='lat' dir='ltr'>sint</span> <span class='ocrx_word' id='word_1_35' title='bbox 621 1031 680 1128; x_wconf 88' lang='lat' dir='ltr'>qui</span> <span class='ocrx_word' id='word_1_36' title='bbox 707 1056 939 1104; x_wconf 87' lang='lat' dir='ltr'>causamme</span> <span class='ocrx_word' id='word_1_37' title='bbox 967 1056 1080 1127; x_wconf 88' lang='lat' dir='ltr'>agere</span> <span class='ocrx_word' id='word_1_38' title='bbox 1103 1031 1334 1128; x_wconf 86' lang='lat' dir='ltr'>desperatam</span> 
     </span>
     <span class='ocr_line' id='line_1_7' title="bbox 163 1151 1333 1253; baseline -0.002 -23"><span class='ocrx_word' id='word_1_39' title='bbox 163 1157 360 1253; x_wconf 74' lang='lat' dir='ltr'>opinentur,</span> <span class='ocrx_word' id='word_1_40' title='bbox 399 1170 521 1227; x_wconf 90' lang='lat' dir='ltr'>tamen</span> <span class='ocrx_word' id='word_1_41' title='bbox 550 1155 586 1226; x_wconf 94' lang='lat' dir='ltr'>in</span> <span class='ocrx_word' id='word_1_42' title='bbox 611 1154 769 1226; x_wconf 90' lang='lat' dir='ltr'>medium</span> <span class='ocrx_word' id='word_1_43' title='bbox 797 1154 958 1249; x_wconf 86' lang='lat' dir='ltr'>prolerre</span> <span class='ocrx_word' id='word_1_44' title='bbox 986 1151 1092 1228; x_wconf 93' lang='lat' dir='ltr'>liceat</span> <span class='ocrx_word' id='word_1_45' title='bbox 1123 1181 1216 1253; x_wconf 89' lang='lat' dir='ltr'>quae</span> <span class='ocrx_word' id='word_1_46' title='bbox 1250 1157 1333 1228; x_wconf 89' lang='lat' dir='ltr'>mihi</span> 
     </span>
     <span class='ocr_line' id='line_1_8' title="bbox 160 1278 968 1374; baseline -0.001 -22"><span class='ocrx_word' id='word_1_47' title='bbox 160 1279 380 1352; x_wconf 89' lang='lat' dir='ltr'>Lachmanni</span> <span class='ocrx_word' id='word_1_48' title='bbox 405 1278 535 1350; x_wconf 92' lang='lat' dir='ltr'>iudicio</span> <span class='ocrx_word' id='word_1_49' title='bbox 562 1287 766 1374; x_wconf 86' lang='lat' dir='ltr'>repugnare</span> <span class='ocrx_word' id='word_1_50' title='bbox 792 1278 968 1352; x_wconf 90' lang='lat' dir='ltr'>videntur.</span> 
     </span>
    </p>

    <p class='ocr_par' dir='ltr' id='par_1_3' title="bbox 161 1399 1336 2243">
     <span class='ocr_line' id='line_1_9' title="bbox 213 1399 1334 1499; baseline 0.001 -25"><span class='ocrx_word' id='word_1_51' title='bbox 213 1404 288 1476; x_wconf 88' lang='lat' dir='ltr'>lam</span> <span class='ocrx_word' id='word_1_52' title='bbox 322 1403 487 1499; x_wconf 89' lang='lat' dir='ltr'>primum,</span> <span class='ocrx_word' id='word_1_53' title='bbox 525 1401 623 1499; x_wconf 92' lang='lat' dir='ltr'>quod</span> <span class='ocrx_word' id='word_1_54' title='bbox 658 1401 723 1472; x_wconf 89' lang='lat' dir='ltr'>Vir</span> <span class='ocrx_word' id='word_1_55' title='bbox 757 1399 983 1475; x_wconf 86' lang='lat' dir='ltr'>Clarissimus</span> <span class='ocrx_word' id='word_1_56' title='bbox 1009 1403 1186 1499; x_wconf 85' lang='lat' dir='ltr'>originem</span> <span class='ocrx_word' id='word_1_57' title='bbox 1216 1405 1334 1477; x_wconf 91' lang='lat' dir='ltr'>lustini</span> 
     </span>
     <span class='ocr_line' id='line_1_10' title="bbox 161 1526 1334 1624; baseline 0 -23"><span class='ocrx_word' id='word_1_58' title='bbox 161 1527 291 1601; x_wconf 87' lang='lat' dir='ltr'>erroris</span> <span class='ocrx_word' id='word_1_59' title='bbox 319 1527 495 1624; x_wconf 87' lang='lat' dir='ltr'>detegere</span> <span class='ocrx_word' id='word_1_60' title='bbox 525 1526 656 1614; x_wconf 80' lang='lat' dir='ltr'>studet,</span> <span class='ocrx_word' id='word_1_61' title='bbox 684 1526 730 1614; x_wconf 90' lang='lat' dir='ltr'>id,</span> <span class='ocrx_word' id='word_1_62' title='bbox 758 1551 817 1598; x_wconf 89' lang='lat' dir='ltr'>me</span> <span class='ocrx_word' id='word_1_63' title='bbox 843 1526 989 1623; x_wconf 89' lang='lat' dir='ltr'>quidem</span> <span class='ocrx_word' id='word_1_64' title='bbox 1015 1527 1141 1615; x_wconf 90' lang='lat' dir='ltr'>iudice,</span> <span class='ocrx_word' id='word_1_65' title='bbox 1165 1553 1334 1624; x_wconf 89' lang='lat' dir='ltr'>praepos·</span> 
     </span>
     <span class='ocr_line' id='line_1_11' title="bbox 161 1647 1334 1750; baseline 0 -25"><span class='ocrx_word' id='word_1_66' title='bbox 161 1669 239 1725; x_wconf 90' lang='lat' dir='ltr'>tere</span> <span class='ocrx_word' id='word_1_67' title='bbox 272 1651 358 1749; x_wconf 89' lang='lat' dir='ltr'>agit,</span> <span class='ocrx_word' id='word_1_68' title='bbox 387 1676 470 1723; x_wconf 85' lang='lat' dir='ltr'>narn</span> <span class='ocrx_word' id='word_1_69' title='bbox 499 1649 614 1722; x_wconf 89' lang='lat' dir='ltr'>irritus</span> <span class='ocrx_word' id='word_1_70' title='bbox 641 1665 698 1722; x_wconf 92' lang='lat' dir='ltr'>est</span> <span class='ocrx_word' id='word_1_71' title='bbox 719 1647 823 1722; x_wconf 91' lang='lat' dir='ltr'>labor</span> <span class='ocrx_word' id='word_1_72' title='bbox 837 1650 1085 1723; x_wconf 89' lang='lat' dir='ltr'>demonstrare</span> <span class='ocrx_word' id='word_1_73' title='bbox 1099 1677 1171 1749; x_wconf 90' lang='lat' dir='ltr'>qua</span> <span class='ocrx_word' id='word_1_74' title='bbox 1184 1652 1243 1725; x_wconf 90' lang='lat' dir='ltr'>via</span> <span class='ocrx_word' id='word_1_75' title='bbox 1256 1653 1334 1750; x_wconf 91' lang='lat' dir='ltr'>quis</span> 
     </span>
     <span class='ocr_line' id='line_1_12' title="bbox 163 1772 1334 1871; baseline 0.001 -23"><span class='ocrx_word' id='word_1_76' title='bbox 163 1778 197 1849; x_wconf 95' lang='lat' dir='ltr'>in</span> <span class='ocrx_word' id='word_1_77' title='bbox 226 1801 385 1850; x_wconf 88' lang='lat' dir='ltr'>errorem</span> <span class='ocrx_word' id='word_1_78' title='bbox 410 1774 528 1847; x_wconf 91' lang='lat' dir='ltr'>induci</span> <span class='ocrx_word' id='word_1_79' title='bbox 554 1774 719 1871; x_wconf 85' lang='lat' dir='ltr'>potuerit,</span> <span class='ocrx_word' id='word_1_80' title='bbox 741 1773 807 1846; x_wconf 92' lang='lat' dir='ltr'>nisi</span> <span class='ocrx_word' id='word_1_81' title='bbox 827 1774 925 1871; x_wconf 93' lang='lat' dir='ltr'>prius</span> <span class='ocrx_word' id='word_1_82' title='bbox 940 1800 1066 1848; x_wconf 88' lang='lat' dir='ltr'>revera</span> <span class='ocrx_word' id='word_1_83' title='bbox 1079 1772 1174 1847; x_wconf 90' lang='lat' dir='ltr'>illum</span> <span class='ocrx_word' id='word_1_84' title='bbox 1194 1801 1334 1849; x_wconf 90' lang='lat' dir='ltr'>errasse</span> 
     </span>
     <span class='ocr_line' id='line_1_13' title="bbox 161 1897 1334 1996; baseline 0 -22"><span class='ocrx_word' id='word_1_85' title='bbox 161 1901 266 1974; x_wconf 91' lang='lat' dir='ltr'>certis</span> <span class='ocrx_word' id='word_1_86' title='bbox 308 1899 529 1996; x_wconf 85' lang='lat' dir='ltr'>argumentis</span> <span class='ocrx_word' id='word_1_87' title='bbox 570 1898 754 1994; x_wconf 87' lang='lat' dir='ltr'>cognitum</span> <span class='ocrx_word' id='word_1_88' title='bbox 791 1897 963 1989; x_wconf 72' lang='lat' dir='ltr'>habebis,</span> <span class='ocrx_word' id='word_1_89' title='bbox 1006 1914 1044 1971; x_wconf 92' lang='lat' dir='ltr'>et</span> <span class='ocrx_word' id='word_1_90' title='bbox 1075 1899 1167 1972; x_wconf 94' lang='lat' dir='ltr'>hanc</span> <span class='ocrx_word' id='word_1_91' title='bbox 1194 1916 1334 1995; x_wconf 88' lang='lat' dir='ltr'>partem</span> 
     </span>
     <span class='ocr_line' id='line_1_14' title="bbox 165 2021 1333 2123; baseline -0.003 -25"><span class='ocrx_word' id='word_1_92' title='bbox 165 2025 429 2123; x_wconf 91' lang='lat' dir='ltr'>disquisitionis,</span> <span class='ocrx_word' id='word_1_93' title='bbox 460 2048 554 2122; x_wconf 89' lang='lat' dir='ltr'>quae</span> <span class='ocrx_word' id='word_1_94' title='bbox 582 2021 799 2095; x_wconf 87' lang='lat' dir='ltr'>antecedere</span> <span class='ocrx_word' id='word_1_95' title='bbox 825 2022 996 2112; x_wconf 88' lang='lat' dir='ltr'>d&#39;ebebat,</span> <span class='ocrx_word' id='word_1_96' title='bbox 1017 2049 1164 2120; x_wconf 91' lang='lat' dir='ltr'>prorsus</span> <span class='ocrx_word' id='word_1_97' title='bbox 1181 2040 1333 2116; x_wconf 87' lang='lat' dir='ltr'>praeter-</span> 
     </span>
     <span class='ocr_line' id='line_1_15' title="bbox 164 2146 1336 2243; baseline 0.002 -23"><span class='ocrx_word' id='word_1_98' title='bbox 164 2149 266 2222; x_wconf 86' lang='lat' dir='ltr'>misit.</span> <span class='ocrx_word' id='word_1_99' title='bbox 295 2148 405 2221; x_wconf 87' lang='lat' dir='ltr'>Haud</span> <span class='ocrx_word' id='word_1_100' title='bbox 428 2148 503 2221; x_wconf 92' lang='lat' dir='ltr'>scio</span> <span class='ocrx_word' id='word_1_101' title='bbox 529 2173 575 2220; x_wconf 91' lang='lat' dir='ltr'>an</span> <span class='ocrx_word' id='word_1_102' title='bbox 594 2146 743 2243; x_wconf 88' lang='lat' dir='ltr'>aequius</span> <span class='ocrx_word' id='word_1_103' title='bbox 762 2146 809 2218; x_wconf 94' lang='lat' dir='ltr'>de</span> <span class='ocrx_word' id='word_1_104' title='bbox 842 2147 961 2219; x_wconf 89' lang='lat' dir='ltr'>lustini</span> <span class='ocrx_word' id='word_1_105' title='bbox 980 2148 1182 2221; x_wconf 85' lang='lat' dir='ltr'>narratione</span> <span class='ocrx_word' id='word_1_106' title='bbox 1198 2147 1336 2222; x_wconf 89' lang='lat' dir='ltr'>tulisset</span> 
     </span>
    </p>
   </div>
   <div class='ocr_carea' id='block_1_3' title="bbox 54 2270 1336 2372">
    <p class='ocr_par' dir='ltr' id='par_1_4' title="bbox 54 2270 1336 2372">
     <span class='ocr_line' id='line_1_16' title="bbox 54 2270 1336 2372; baseline 0 -28"><span class='ocrx_word' id='word_1_107' title='bbox 54 2367 58 2372; x_wconf 19' lang='grc' dir='ltr'>Ι</span> <span class='ocrx_word' id='word_1_108' title='bbox 166 2272 342 2360; x_wconf 91' lang='lat' dir='ltr'>iudicium,</span> <span class='ocrx_word' id='word_1_109' title='bbox 363 2271 393 2343; x_wconf 94' lang='lat' dir='ltr'>si</span> <span class='ocrx_word' id='word_1_110' title='bbox 412 2271 576 2367; x_wconf 90' lang='lat' dir='ltr'>primum,</span> <span class='ocrx_word' id='word_1_111' title='bbox 599 2293 693 2367; x_wconf 90' lang='lat' dir='ltr'>quae</span> <span class='ocrx_word' id='word_1_112' title='bbox 717 2270 830 2342; x_wconf 87' lang='lat' dir='ltr'>ceteri</span> <span class='ocrx_word' id='word_1_113' title='bbox 845 2286 1010 2344; x_wconf 88' lang='lat' dir='ltr'>auctores</span> <span class='ocrx_word' id='word_1_114' title='bbox 1025 2272 1072 2344; x_wconf 91' lang='lat' dir='ltr'>de</span> <span class='ocrx_word' id='word_1_115' title='bbox 1087 2273 1213 2344; x_wconf 89' lang='lat' dir='ltr'>iisdem</span> <span class='ocrx_word' id='word_1_116' title='bbox 1229 2274 1336 2346; x_wconf 91' lang='lat' dir='ltr'>rebus</span> 
     </span>
    </p>
   </div>
   <div class='ocr_carea' id='block_1_4' title="bbox 141 2393 1347 4724">
    <p class='ocr_par' dir='ltr' id='par_1_5' title="bbox 163 2393 1338 3240">
     <span class='ocr_line' id='line_1_17' title="bbox 166 2393 1334 2493; baseline 0.002 -25"><span class='ocrx_word' id='word_1_117' title='bbox 166 2396 297 2491; x_wconf 88' lang='lat' dir='ltr'>scripto</span> <span class='ocrx_word' id='word_1_118' title='bbox 323 2395 547 2482; x_wconf 91' lang='lat' dir='ltr'>mandarunt,</span> <span class='ocrx_word' id='word_1_119' title='bbox 573 2393 799 2466; x_wconf 87' lang='lat' dir='ltr'>excussisset.</span> <span class='ocrx_word' id='word_1_120' title='bbox 817 2394 929 2487; x_wconf 78' lang='lat' dir='ltr'>Quod</span> <span class='ocrx_word' id='word_1_121' title='bbox 951 2420 1022 2467; x_wconf 93' lang='lat' dir='ltr'>non</span> <span class='ocrx_word' id='word_1_122' title='bbox 1041 2396 1092 2468; x_wconf 90' lang='lat' dir='ltr'>sic</span> <span class='ocrx_word' id='word_1_123' title='bbox 1111 2395 1258 2493; x_wconf 85' lang='lat' dir='ltr'>intelligi</span> <span class='ocrx_word' id='word_1_124' title='bbox 1277 2423 1334 2470; x_wconf 94' lang='lat' dir='ltr'>ve·</span> 
     </span>
     <span class='ocr_line' id='line_1_18' title="bbox 164 2519 1336 2620; baseline 0 -26"><span class='ocrx_word' id='word_1_125' title='bbox 164 2521 234 2611; x_wconf 89' lang='lat' dir='ltr'>lim,</span> <span class='ocrx_word' id='word_1_126' title='bbox 262 2522 363 2620; x_wconf 91' lang='lat' dir='ltr'>quasi</span> <span class='ocrx_word' id='word_1_127' title='bbox 388 2521 557 2594; x_wconf 90' lang='lat' dir='ltr'>lustinum</span> <span class='ocrx_word' id='word_1_128' title='bbox 585 2520 620 2590; x_wconf 95' lang='lat' dir='ltr'>in</span> <span class='ocrx_word' id='word_1_129' title='bbox 645 2519 831 2592; x_wconf 88' lang='lat' dir='ltr'>discordiis</span> <span class='ocrx_word' id='word_1_130' title='bbox 870 2519 1082 2593; x_wconf 88' lang='lat' dir='ltr'>Parthorum</span> <span class='ocrx_word' id='word_1_131' title='bbox 1113 2522 1336 2618; x_wconf 87' lang='lat' dir='ltr'>exponendis</span> 
     </span>
     <span class='ocr_line' id='line_1_19' title="bbox 165 2644 1336 2743; baseline -0.001 -23"><span class='ocrx_word' id='word_1_132' title='bbox 165 2648 261 2721; x_wconf 91' lang='lat' dir='ltr'>omni</span> <span class='ocrx_word' id='word_1_133' title='bbox 296 2671 417 2720; x_wconf 92' lang='lat' dir='ltr'>errore</span> <span class='ocrx_word' id='word_1_134' title='bbox 445 2646 640 2717; x_wconf 88' lang='lat' dir='ltr'>immunem</span> <span class='ocrx_word' id='word_1_135' title='bbox 667 2644 837 2735; x_wconf 73' lang='lat' dir='ltr'>iudicem,</span> <span class='ocrx_word' id='word_1_136' title='bbox 867 2645 1082 2717; x_wconf 89' lang='lat' dir='ltr'>contrarium</span> <span class='ocrx_word' id='word_1_137' title='bbox 1113 2670 1199 2718; x_wconf 89' lang='lat' dir='ltr'>mox</span> <span class='ocrx_word' id='word_1_138' title='bbox 1227 2671 1336 2743; x_wconf 88' lang='lat' dir='ltr'>appa·</span> 
     </span>
     <span class='ocr_line' id='line_1_20' title="bbox 163 2766 1336 2861; baseline 0 -19"><span class='ocrx_word' id='word_1_139' title='bbox 163 2773 271 2861; x_wconf 73' lang='lat' dir='ltr'>tebit,</span> <span class='ocrx_word' id='word_1_140' title='bbox 306 2771 341 2842; x_wconf 93' lang='lat' dir='ltr'>id</span> <span class='ocrx_word' id='word_1_141' title='bbox 369 2785 507 2842; x_wconf 88' lang='lat' dir='ltr'>tantum</span> <span class='ocrx_word' id='word_1_142' title='bbox 529 2766 614 2841; x_wconf 93' lang='lat' dir='ltr'>volo</span> <span class='ocrx_word' id='word_1_143' title='bbox 643 2767 820 2840; x_wconf 85' lang='lat' dir='ltr'>immerito</span> <span class='ocrx_word' id='word_1_144' title='bbox 848 2767 1118 2842; x_wconf 90' lang='lat' dir='ltr'>Lachmannum</span> <span class='ocrx_word' id='word_1_145' title='bbox 1143 2768 1252 2843; x_wconf 89' lang='lat' dir='ltr'>fidem</span> <span class='ocrx_word' id='word_1_146' title='bbox 1277 2771 1336 2842; x_wconf 90' lang='lat' dir='ltr'>ab·</span> 
     </span>
     <span class='ocr_line' id='line_1_21' title="bbox 164 2891 1337 2992; baseline -0.003 -25"><span class='ocrx_word' id='word_1_147' title='bbox 164 2921 320 2992; x_wconf 87' lang='lat' dir='ltr'>negasse</span> <span class='ocrx_word' id='word_1_148' title='bbox 361 2910 484 2966; x_wconf 93' lang='lat' dir='ltr'>nostro</span> <span class='ocrx_word' id='word_1_149' title='bbox 525 2891 660 2965; x_wconf 90' lang='lat' dir='ltr'>auctori</span> <span class='ocrx_word' id='word_1_150' title='bbox 701 2892 857 2965; x_wconf 90' lang='lat' dir='ltr'>tradenti</span> <span class='ocrx_word' id='word_1_151' title='bbox 894 2892 1065 2965; x_wconf 90' lang='lat' dir='ltr'>Tiridatis</span> <span class='ocrx_word' id='word_1_152' title='bbox 1090 2893 1214 2989; x_wconf 87' lang='lat' dir='ltr'>lugam</span> <span class='ocrx_word' id='word_1_153' title='bbox 1239 2895 1274 2964; x_wconf 93' lang='lat' dir='ltr'>in</span> <span class='ocrx_word' id='word_1_154' title='bbox 1302 2893 1337 2965; x_wconf 93' lang='lat' dir='ltr'>id</span> 
     </span>
     <span class='ocr_line' id='line_1_22' title="bbox 168 3014 1338 3115; baseline 0 -24"><span class='ocrx_word' id='word_1_155' title='bbox 168 3035 310 3113; x_wconf 88' lang='lat' dir='ltr'>tempus</span> <span class='ocrx_word' id='word_1_156' title='bbox 349 3015 522 3104; x_wconf 84' lang='lat' dir='ltr'>incidisse,</span> <span class='ocrx_word' id='word_1_157' title='bbox 551 3041 623 3115; x_wconf 94' lang='lat' dir='ltr'>quo</span> <span class='ocrx_word' id='word_1_158' title='bbox 650 3015 839 3111; x_wconf 82' lang='lat' dir='ltr'>Augustus</span> <span class='ocrx_word' id='word_1_159' title='bbox 865 3014 997 3089; x_wconf 87' lang='lat' dir='ltr'>bellum</span> <span class='ocrx_word' id='word_1_160' title='bbox 1025 3033 1171 3114; x_wconf 87' lang='lat' dir='ltr'>gereret</span> <span class='ocrx_word' id='word_1_161' title='bbox 1197 3019 1230 3090; x_wconf 91' lang='lat' dir='ltr'>in</span> <span class='ocrx_word' id='word_1_162' title='bbox 1258 3019 1338 3091; x_wconf 90' lang='lat' dir='ltr'>His·</span> 
     </span>
     <span class='ocr_line' id='line_1_23' title="bbox 167 3141 283 3240; baseline -0.026 -25"><span class='ocrx_word' id='word_1_163' title='bbox 167 3141 283 3240; x_wconf 88' lang='lat' dir='ltr'>pania.</span> 
     </span>
    </p>

    <p class='ocr_par' dir='ltr' id='par_1_6' title="bbox 141 3261 1347 4724">
     <span class='ocr_line' id='line_1_24' title="bbox 219 3261 1338 3370; baseline 0.001 -33"><span class='ocrx_word' id='word_1_164' title='bbox 219 3266 303 3337; x_wconf 92' lang='lat' dir='ltr'>Hoc</span> <span class='ocrx_word' id='word_1_165' title='bbox 348 3280 387 3336; x_wconf 90' lang='lat' dir='ltr'>ut</span> <span class='ocrx_word' id='word_1_166' title='bbox 431 3261 618 3370; x_wconf 79' lang='lat' dir='ltr'>probabile</span> <span class='ocrx_word' id='word_1_167' title='bbox 658 3263 821 3352; x_wconf 85' lang='lat' dir='ltr'>reddam,</span> <span class='ocrx_word' id='word_1_168' title='bbox 866 3264 982 3360; x_wconf 91' lang='lat' dir='ltr'>ipsum</span> <span class='ocrx_word' id='word_1_169' title='bbox 1019 3265 1174 3338; x_wconf 90' lang='lat' dir='ltr'>Dionem</span> <span class='ocrx_word' id='word_1_170' title='bbox 1208 3282 1338 3340; x_wconf 89' lang='lat' dir='ltr'>testem</span> 
     </span>
     <span class='ocr_line' id='line_1_25' title="bbox 168 3386 1340 3489; baseline -0.001 -26"><span class='ocrx_word' id='word_1_171' title='bbox 168 3391 378 3489; x_wconf 89' lang='lat' dir='ltr'>producam,</span> <span class='ocrx_word' id='word_1_172' title='bbox 418 3388 477 3485; x_wconf 91' lang='lat' dir='ltr'>qui</span> <span class='ocrx_word' id='word_1_173' title='bbox 513 3386 604 3461; x_wconf 89' lang='lat' dir='ltr'>libro</span> <span class='ocrx_word' id='word_1_174' title='bbox 641 3389 726 3461; x_wconf 86' lang='lat' dir='ltr'>Llll.</span> <span class='ocrx_word' id='word_1_175' title='bbox 761 3411 820 3482; x_wconf 87' lang='lat'>33,</span> <span class='ocrx_word' id='word_1_176' title='bbox 852 3414 932 3461; x_wconf 90' lang='lat' dir='ltr'>cum</span> <span class='ocrx_word' id='word_1_177' title='bbox 960 3415 1018 3462; x_wconf 90' lang='lat' dir='ltr'>res</span> <span class='ocrx_word' id='word_1_178' title='bbox 1046 3405 1170 3486; x_wconf 84' lang='lat' dir='ltr'>gestas</span> <span class='ocrx_word' id='word_1_179' title='bbox 1198 3407 1340 3464; x_wconf 90' lang='lat' dir='ltr'>enarrat</span> 
     </span>
     <span class='ocr_line' id='line_1_26' title="bbox 167 3512 1340 3609; baseline -0.013 -19"><span class='ocrx_word' id='word_1_180' title='bbox 167 3517 248 3591; x_wconf 92' lang='lat' dir='ltr'>anni</span> <span class='ocrx_word' id='word_1_181' title='bbox 285 3539 343 3608; x_wconf 81' lang='lat'>23,</span> <span class='ocrx_word' id='word_1_182' title='bbox 382 3514 508 3586; x_wconf 89' lang='lat' dir='ltr'>iterum</span> <span class='ocrx_word' id='word_1_183' title='bbox 534 3512 699 3586; x_wconf 89' lang='lat' dir='ltr'>Parthica</span> <span class='ocrx_word' id='word_1_184' title='bbox 724 3513 868 3609; x_wconf 85' lang='lat' dir='ltr'>attingit</span> <span class='ocrx_word' id='word_1_185' title='bbox 893 3512 990 3586; x_wconf 94' lang='lat' dir='ltr'>hisce</span> <span class='ocrx_word' id='word_1_186' title='bbox 1017 3514 1160 3586; x_wconf 89' lang='lat' dir='ltr'>verbis:</span> <span class='ocrx_word' id='word_1_187' title='bbox 1191 3518 1340 3592; x_wconf 72' lang='grc' dir='ltr'><strong><em>ἑπεισὴὸ</em></strong></span> 
     </span>
     <span class='ocr_line' id='line_1_27' title="bbox 167 3646 1341 3725; baseline -0.002 -16"><span class='ocrx_word' id='word_1_188' title='bbox 167 3654 230 3722; x_wconf 76' lang='grc' dir='ltr'>μὲν</span> <span class='ocrx_word' id='word_1_189' title='bbox 257 3650 435 3725; x_wconf 77' lang='grc' dir='ltr'><strong><em>Τιριδάτης</em></strong></span> <span class='ocrx_word' id='word_1_190' title='bbox 463 3646 578 3720; x_wconf 79' lang='grc' dir='ltr'><strong><em>αὐτὸς,</em></strong></span> <span class='ocrx_word' id='word_1_191' title='bbox 603 3650 694 3723; x_wconf 80' lang='grc' dir='ltr'><strong><em>παρά</em></strong></span> <span class='ocrx_word' id='word_1_192' title='bbox 722 3650 758 3706; x_wconf 73' lang='grc' dir='ltr'>δὲ</span> <span class='ocrx_word' id='word_1_193' title='bbox 785 3649 826 3720; x_wconf 73' lang='grc' dir='ltr'>δὴ</span> <span class='ocrx_word' id='word_1_194' title='bbox 848 3653 909 3705; x_wconf 85' lang='grc' dir='ltr'>τοῦ</span> <span class='ocrx_word' id='word_1_195' title='bbox 932 3651 1094 3723; x_wconf 77' lang='grc' dir='ltr'><strong><em>Φραάτου</em></strong></span> <span class='ocrx_word' id='word_1_196' title='bbox 1111 3650 1274 3724; x_wconf 78' lang='grc' dir='ltr'><strong><em>πρέσβεις,</em></strong></span> <span class='ocrx_word' id='word_1_197' title='bbox 1291 3647 1341 3722; x_wconf 76' lang='grc' dir='ltr'>ἐφ’</span> 
     </span>
     <span class='ocr_line' id='line_1_28' title="bbox 171 3765 1343 3846; baseline -0.005 -13"><span class='ocrx_word' id='word_1_198' title='bbox 171 3766 223 3846; x_wconf 80' lang='grc' dir='ltr'>οἶς</span> <span class='ocrx_word' id='word_1_199' title='bbox 242 3772 485 3832; x_wconf 77' lang='grc' dir='ltr'><strong><em>ἀντενεκάλουν</em></strong></span> <span class='ocrx_word' id='word_1_200' title='bbox 502 3768 664 3842; x_wconf 77' lang='grc' dir='ltr'><strong><em>άλλήλοις</em></strong></span> <span class='ocrx_word' id='word_1_201' title='bbox 682 3767 858 3843; x_wconf 72' lang='grc' dir='ltr'><strong><em>ἀφίκοντο,</em></strong></span> <span class='ocrx_word' id='word_1_202' title='bbox 876 3766 910 3840; x_wconf 78' lang='grc' dir='ltr'>ἐς</span> <span class='ocrx_word' id='word_1_203' title='bbox 927 3770 989 3841; x_wconf 80' lang='grc' dir='ltr'>τὴν</span> <span class='ocrx_word' id='word_1_204' title='bbox 1005 3769 1131 3840; x_wconf 81' lang='grc' dir='ltr'><strong><em>βουλὴν</em></strong></span> <span class='ocrx_word' id='word_1_205' title='bbox 1140 3765 1265 3840; x_wconf 81' lang='grc' dir='ltr'><strong><em>αὐτοὺς</em></strong></span> <span class='ocrx_word' id='word_1_206' title='bbox 1274 3767 1343 3842; x_wconf 81' lang='grc' dir='ltr'><em>ε’ςὴ-</em></span> 
     </span>
     <span class='ocr_line' id='line_1_29' title="bbox 169 3888 1345 3972; baseline -0.006 -16"><span class='ocrx_word' id='word_1_207' title='bbox 169 3919 261 3972; x_wconf 76' lang='grc' dir='ltr'><strong><em>γαγε,</em></strong></span> <span class='ocrx_word' id='word_1_208' title='bbox 286 3901 342 3954; x_wconf 78' lang='grc' dir='ltr'>καὶ</span> <span class='ocrx_word' id='word_1_209' title='bbox 371 3897 457 3966; x_wconf 78' lang='grc' dir='ltr'><strong><em>μετὰ</em></strong></span> <span class='ocrx_word' id='word_1_210' title='bbox 476 3891 565 3952; x_wconf 85' lang='grc' dir='ltr'><strong><em>τοῦτ’</em></strong></span> <span class='ocrx_word' id='word_1_211' title='bbox 589 3890 779 3967; x_wconf 77' lang='grc' dir='ltr'><strong><em>ἐπιτραπεὶς</em></strong></span> <span class='ocrx_word' id='word_1_212' title='bbox 796 3889 871 3966; x_wconf 81' lang='grc' dir='ltr'><strong><em>παρ’</em></strong></span> <span class='ocrx_word' id='word_1_213' title='bbox 893 3888 996 3963; x_wconf 80' lang='grc' dir='ltr'><strong><em>αὐτῆς</em></strong></span> <span class='ocrx_word' id='word_1_214' title='bbox 1012 3893 1073 3963; x_wconf 79' lang='grc' dir='ltr'>τὴν</span> <span class='ocrx_word' id='word_1_215' title='bbox 1091 3892 1269 3963; x_wconf 75' lang='grc' dir='ltr'><strong><em>διάγνωσιν</em></strong></span> <span class='ocrx_word' id='word_1_216' title='bbox 1285 3893 1345 3950; x_wconf 87' lang='grc' dir='ltr'>τὸν</span> 
     </span>
     <span class='ocr_line' id='line_1_30' title="bbox 167 4011 1345 4095; baseline -0.006 -15"><span class='ocrx_word' id='word_1_217' title='bbox 167 4025 232 4094; x_wconf 81' lang='grc' dir='ltr'>μὲν</span> <span class='ocrx_word' id='word_1_218' title='bbox 259 4021 437 4095; x_wconf 70' lang='grc' dir='ltr'><strong><em>Τιριδάταν</em></strong></span> <span class='ocrx_word' id='word_1_219' title='bbox 463 4021 511 4092; x_wconf 80' lang='grc' dir='ltr'>τῷ</span> <span class='ocrx_word' id='word_1_220' title='bbox 542 4017 682 4091; x_wconf 74' lang='grc' dir='ltr'><strong><em>Φραάτῃ</em></strong></span> <span class='ocrx_word' id='word_1_221' title='bbox 709 4011 772 4071; x_wconf 83' lang='grc' dir='ltr'>οὐκ</span> <span class='ocrx_word' id='word_1_222' title='bbox 797 4011 950 4084; x_wconf 73' lang='grc' dir='ltr'>ἐξέδωκε,</span> <span class='ocrx_word' id='word_1_223' title='bbox 968 4015 1028 4072; x_wconf 83' lang='grc' dir='ltr'>τὸν</span> <span class='ocrx_word' id='word_1_224' title='bbox 1045 4011 1074 4071; x_wconf 71' lang='grc' dir='ltr'><strong><em>ά</em></strong></span> <span class='ocrx_word' id='word_1_225' title='bbox 1092 4013 1168 4072; x_wconf 82' lang='grc' dir='ltr'><strong><em>υἱὸν</em></strong></span> <span class='ocrx_word' id='word_1_226' title='bbox 1185 4011 1289 4088; x_wconf 81' lang='grc' dir='ltr'><strong><em>αὐτῷ,</em></strong></span> <span class='ocrx_word' id='word_1_227' title='bbox 1306 4015 1345 4073; x_wconf 87' lang='grc' dir='ltr'>ὃν</span> 
     </span>
     <span class='ocr_line' id='line_1_31' title="bbox 170 4126 1346 4221; baseline -0.009 -17"><span class='ocrx_word' id='word_1_228' title='bbox 170 4147 338 4221; x_wconf 76' lang='grc' dir='ltr'><strong><em>πρότερον</em></strong></span> <span class='ocrx_word' id='word_1_229' title='bbox 364 4139 438 4217; x_wconf 80' lang='grc' dir='ltr'><strong><em>παρ’</em></strong></span> <span class='ocrx_word' id='word_1_230' title='bbox 461 4139 592 4199; x_wconf 76' lang='grc' dir='ltr'><strong><em>ἐκείνου</em></strong></span> <span class='ocrx_word' id='word_1_231' title='bbox 609 4140 725 4210; x_wconf 71' lang='grc' dir='ltr'><strong><em>λαβὼν</em></strong></span> <span class='ocrx_word' id='word_1_232' title='bbox 742 4126 843 4208; x_wconf 76' lang='grc' dir='ltr'><strong><em>εἶχεν,</em></strong></span> <span class='ocrx_word' id='word_1_233' title='bbox 860 4134 1058 4207; x_wconf 77' lang='grc' dir='ltr'><strong><em>άπέπεμψεν</em></strong></span> <span class='ocrx_word' id='word_1_234' title='bbox 1075 4133 1128 4194; x_wconf 77' lang='grc' dir='ltr'>ἐπὶ</span> <span class='ocrx_word' id='word_1_235' title='bbox 1146 4140 1194 4211; x_wconf 79' lang='grc' dir='ltr'>τῷ</span> <span class='ocrx_word' id='word_1_236' title='bbox 1211 4136 1291 4207; x_wconf 84' lang='grc' dir='ltr'><strong><em>τούς</em></strong></span> <span class='ocrx_word' id='word_1_237' title='bbox 1309 4156 1346 4193; x_wconf 80' lang='grc' dir='ltr'>τε</span> 
     </span>
     <span class='ocr_line' id='line_1_32' title="bbox 169 4253 1345 4338; baseline -0.009 -14"><span class='ocrx_word' id='word_1_238' title='bbox 169 4266 410 4338; x_wconf 79' lang='grc' dir='ltr'><strong><em>αἰχμαλώτους</em></strong></span> <span class='ocrx_word' id='word_1_239' title='bbox 435 4265 492 4320; x_wconf 82' lang='grc' dir='ltr'>καὶ</span> <span class='ocrx_word' id='word_1_240' title='bbox 519 4261 560 4317; x_wconf 87' lang='grc' dir='ltr'>τὰ</span> <span class='ocrx_word' id='word_1_241' title='bbox 588 4266 710 4330; x_wconf 78' lang='grc' dir='ltr'><strong><em>σημεῖα</em></strong></span> <span class='ocrx_word' id='word_1_242' title='bbox 740 4259 783 4314; x_wconf 87' lang='grc' dir='ltr'>τά</span> <span class='ocrx_word' id='word_1_243' title='bbox 810 4257 1035 4331; x_wconf 85' lang='grc' dir='ltr'><strong><em>στρατιωτικά</em></strong></span> <span class='ocrx_word' id='word_1_244' title='bbox 1053 4259 1094 4314; x_wconf 86' lang='grc' dir='ltr'>τὰ</span> <span class='ocrx_word' id='word_1_245' title='bbox 1114 4253 1150 4316; x_wconf 78' lang='grc' dir='ltr'>ἕν</span> <span class='ocrx_word' id='word_1_246' title='bbox 1167 4277 1203 4315; x_wconf 79' lang='grc' dir='ltr'>τε</span> <span class='ocrx_word' id='word_1_247' title='bbox 1221 4262 1261 4329; x_wconf 74' lang='grc' dir='ltr'>τῇ</span> <span class='ocrx_word' id='word_1_248' title='bbox 1283 4263 1345 4315; x_wconf 87' lang='grc' dir='ltr'>τοῦ</span> 
     </span>
     <span class='ocr_line' id='line_1_33' title="bbox 141 4376 1345 4465; baseline -0.012 -17"><span class='ocrx_word' id='word_1_249' title='bbox 141 4421 142 4424; x_wconf 35' lang='lat'>¹</span> <span class='ocrx_word' id='word_1_250' title='bbox 174 4391 332 4465; x_wconf 84' lang='grc' dir='ltr'><strong><em>Κράσσου</em></strong></span> <span class='ocrx_word' id='word_1_251' title='bbox 349 4391 406 4444; x_wconf 81' lang='grc' dir='ltr'>καὶ</span> <span class='ocrx_word' id='word_1_252' title='bbox 424 4384 460 4444; x_wconf 75' lang='grc' dir='ltr'>ἐν</span> <span class='ocrx_word' id='word_1_253' title='bbox 477 4390 518 4458; x_wconf 67' lang='grc' dir='ltr'>τῇ</span> <span class='ocrx_word' id='word_1_254' title='bbox 535 4389 597 4441; x_wconf 85' lang='grc' dir='ltr'>τοῦ</span> <span class='ocrx_word' id='word_1_255' title='bbox 614 4380 788 4440; x_wconf 79' lang='grc' dir='ltr'><strong><em>’Δντωνὶου</em></strong></span> <span class='ocrx_word' id='word_1_256' title='bbox 807 4383 966 4454; x_wconf 81' lang='grc' dir='ltr'><strong><em>συμφορᾷ</em></strong></span> <span class='ocrx_word' id='word_1_257' title='bbox 986 4376 1112 4436; x_wconf 82' lang='grc' dir='ltr'><strong><em>ἁλόντα</em></strong></span> <span class='ocrx_word' id='word_1_258' title='bbox 1123 4381 1345 4448; x_wconf 69' lang='grc' dir='ltr'><strong><em>κομίσασθαι.</em></strong></span> 
     </span>
     <span class='ocr_line' id='line_1_34' title="bbox 171 4491 1343 4594; baseline -0.013 -18"><span class='ocrx_word' id='word_1_259' title='bbox 171 4505 254 4576; x_wconf 89' lang='lat' dir='ltr'>Hoc</span> <span class='ocrx_word' id='word_1_260' title='bbox 281 4500 524 4574; x_wconf 88' lang='lat' dir='ltr'>testimonium</span> <span class='ocrx_word' id='word_1_261' title='bbox 553 4497 715 4594; x_wconf 88' lang='lat' dir='ltr'>egregie,</span> <span class='ocrx_word' id='word_1_262' title='bbox 743 4494 881 4590; x_wconf 90' lang='lat' dir='ltr'>opinor,</span> <span class='ocrx_word' id='word_1_263' title='bbox 902 4492 1021 4564; x_wconf 90' lang='lat' dir='ltr'>lustini</span> <span class='ocrx_word' id='word_1_264' title='bbox 1035 4491 1154 4564; x_wconf 89' lang='lat' dir='ltr'>verbis</span> <span class='ocrx_word' id='word_1_265' title='bbox 1169 4493 1343 4563; x_wconf 88' lang='lat' dir='ltr'>convenit.</span> 
     </span>
     <span class='ocr_line' id='line_1_35' title="bbox 172 4615 1347 4724; baseline -0.012 -24"><span class='ocrx_word' id='word_1_266' title='bbox 172 4626 330 4724; x_wconf 80' lang='lat' dir='ltr'>Augusti</span> <span class='ocrx_word' id='word_1_267' title='bbox 356 4624 404 4696; x_wconf 91' lang='lat' dir='ltr'>de</span> <span class='ocrx_word' id='word_1_268' title='bbox 430 4622 548 4695; x_wconf 91' lang='lat' dir='ltr'>litibus</span> <span class='ocrx_word' id='word_1_269' title='bbox 577 4620 790 4693; x_wconf 89' lang='lat' dir='ltr'>Parthorum</span> <span class='ocrx_word' id='word_1_270' title='bbox 813 4617 1007 4702; x_wconf 90' lang='lat' dir='ltr'>arbitrium,</span> <span class='ocrx_word' id='word_1_271' title='bbox 1039 4615 1085 4687; x_wconf 93' lang='lat' dir='ltr'>de</span> <span class='ocrx_word' id='word_1_272' title='bbox 1105 4640 1177 4712; x_wconf 91' lang='lat' dir='ltr'>quo</span> <span class='ocrx_word' id='word_1_273' title='bbox 1198 4628 1347 4712; x_wconf 89' lang='lat' dir='ltr'>uterque</span> 
     </span>
    </p>
   </div>
   <div class='ocr_carea' id='block_1_5' title="bbox 0 0 1664 5259">
    <p class='ocr_par' dir='ltr' id='par_1_7' title="bbox 0 0 1664 5259">
     <span class='ocr_line' id='line_1_36' title="bbox 0 0 1664 5259; baseline 0 0"><span class='ocrx_word' id='word_1_274' title='bbox 0 0 1664 5259; x_wconf 95' lang='lat' dir='ltr'> </span> 
     </span>
    </p>
   </div>
  </div>
 </body>
</html>
