3292 5259
859 375 912 413 112

295 526 476 610 epistolam,
502 533 599 610 quam
623 525 736 587 Cicero
757 533 835 606 post
860 523 996 585 multum
1016 532 1146 603 tempus
1158 524 1199 583 ad
1213 520 1372 584 Catonem
1386 519 1475 581 misit

297 636 350 717 (ad
386 634 479 696 Fam.
515 632 588 694 XV.
614 635 674 715 4.),
706 633 770 694 iam
794 651 889 714 supra
913 631 980 693 dixi
1005 623 1109 692 minus
1133 650 1185 691 me
1210 629 1332 691 moveri
1357 629 1474 690 discre-

296 741 414 821 pantia,
452 759 533 823 quae
557 739 732 802 memoriae
756 759 862 801 errore
887 738 1010 821 optime
1034 737 1178 799 excusari
1202 735 1315 817 possit.
1354 734 1473 796 Itidem

258 829 260 833 ¹
297 866 402 907 errore
437 846 591 926 scriptum
626 854 716 926 put0,
748 845 837 928 quod
860 843 904 906 ibi
930 844 1017 921 dicit,
1041 863 1075 904 se
1099 842 1164 904 iam
1188 843 1247 904 iter
1269 842 1301 902 in
1325 841 1469 903 Ciliciam

296 952 401 1014 iacere
425 953 580 1032 coepisse,
595 972 668 1014 eum
681 951 778 1032 iegati
791 951 1000 1024 advenerint;
1027 951 1148 1011 maiore
1162 949 1246 1010 enim
1259 947 1323 1010 fide
1337 947 1471 1029 dignum

296 1069 355 1130 est,
392 1060 480 1142 quod
515 1059 643 1140 scripsit
680 1059 711 1118 in
746 1058 853 1139 priore
877 1055 1015 1138 epistola
1039 1055 1109 1137 ipso
1134 1054 1235 1132 nuntii
1260 1055 1385 1135 accepti
1406 1054 1470 1116 die.

296 1163 395 1243 Quod
419 1172 586 1244 praeterea
610 1163 818 1226 confirmatur
842 1161 905 1225 alio
928 1161 1114 1224 testimonio
1138 1162 1169 1220 in
1193 1159 1329 1242 epistola
1342 1161 1382 1221 ad
1397 1159 1471 1224 Att.

298 1271 339 1332 V.
366 1286 416 1332 20.
445 1287 484 1331 2:
521 1292 582 1333 »ex
604 1271 657 1332 liis
678 1271 804 1344 cestris,
831 1291 901 1332 curn
921 1288 1047 1349 graves
1069 1267 1107 1330 de
1130 1267 1267 1329 Partitis
1291 1267 1397 1328 neritii
1417 1288 1472 1326 ve·

213 1420 216 1426 -
297 1379 408 1440 rrirent
431 1378 575 1457 perrexi
597 1377 630 1439 iri
659 1375 836 1440 Ciliciam,”

290 1655 353 1717 fore
365 1688 441 1703 .....
467 1652 554 1700 deinde
571 1653 620 1700 iter
632 1654 733 1718 faciam
751 1653 787 1699 ad
803 1652 948 1711 exercitum,
968 1660 998 1698 rit
1015 1650 1114 1699 circiter
1134 1651 1195 1698 Idus
1215 1648 1318 1696 Sextiles
1330 1655 1417 1711 putem
1437 1663 1479 1693 me

288 1738 334 1787 'ad
349 1741 460 1788 Iconium
470 1741 559 1806 fore.’⁷
598 1745 694 1792 Revera
713 1751 763 1790 erat
783 1743 816 1790 ad
837 1742 953 1790 iconium
972 1757 1022 1788 non
1042 1747 1139 1789 antea.
1160 1739 1184 1792 d,
1204 1738 1255 1784 VII
1275 1736 1334 1785 Kal.
1355 1735 1423 1798 Sept.
