3292 5259
746 310 780 365 61

167 495 284 574 poeta
311 492 476 573 spectare
504 492 648 572 poterat
675 476 722 549 ad
750 501 882 548 annum
910 500 983 570 303
1013 481 1145 552 etenim
1171 506 1242 553 non
1265 497 1348 554 ante
1439 495 1444 506 '

168 627 306 675 annum
342 621 387 691 27
415 599 634 672 Octavianus
660 601 817 697 Augusti
844 625 1047 698 cognomen
1073 606 1275 701 assumpsit.
1312 609 1345 700 1)

169 724 268 797 Nihil
297 725 404 820 igitur
432 739 552 811 restat,
584 724 649 796 nisi
675 739 723 810 ut,
752 724 884 797 Iustino
913 725 1022 800 fidem
1050 727 1236 817 habentes,
1268 754 1348 801 cum
1423 813 1426 818 ,

170 849 318 922 Franke
347 848 457 947 (Fast.
487 848 615 919 Horat.
642 857 735 938 ⁸179,
767 853 864 945 sqq.)
894 852 1096 948 cogitemus
1125 852 1172 926 de
1186 878 1281 926 anno
1300 879 1317 925 2
1325 876 1343 946 5

176 1000 266 1070 »pree
306 972 528 1044 Periieereem
572 997 640 1043 rex
674 972 853 1043 Tiridates
887 1000 966 1045 erem
991 1001 1127 1072 reagere
1152 980 1348 1051 eree'eereem

170 1124 286 1168 mame
326 1096 379 1167 ae'
415 1095 604 1167 Caesarem
643 1096 684 1166 ia
711 1095 901 1190 Hispanae
926 1098 1051 1170 bellem
1075 1109 1160 1174 ieme
1182 1104 1348 1197 temperis

162 1230 346 1316 gerentem
360 1215 561 1314 pres'eege't.’'
587 1218 657 1289 Hic
671 1218 811 1291 nuntius
827 1220 985 1293 Romam
999 1220 1130 1296 allatus
1141 1251 1187 1298 eo
1202 1226 1347 1322 quidem

170 1359 348 1440 tempore,
393 1369 466 1439 quo
504 1343 691 1440 Augustus
733 1369 823 1416 reeee
848 1354 990 1440 tropaea
1017 1367 1064 1419 ex
1091 1347 1186 1421 bello
1220 1351 1348 1423 Canta-

169 1469 272 1541 brico
300 1468 454 1563 adeptus
480 1467 514 1538 in
537 1467 626 1539 urbe
654 1468 944 1562 exspectabatur,
971 1486 1118 1565 poetam
1134 1498 1348 1569 permovere

169 1592 299 1688 potuit,
337 1608 376 1664 ut
403 1590 533 1687 cupide
562 1590 744 1686 arripiens,
776 1616 1026 1690 quaecumque
1053 1596 1192 1690 potenti
1221 1596 1348 1670 fautori

164 1733 280 1813 grata
318 1731 540 1812 acceptaque
582 1741 663 1789 esse
691 1717 873 1803 credebat,
906 1717 1095 1815 magnifice
1120 1717 1244 1793 laudes
1273 1721 1348 1794 eius

162 1858 359 1938 tamquam
383 1840 596 1913 Parthorum
623 1840 767 1913 victoris
795 1839 1004 1914 celebraret.

226 1967 308 2038 Hoc
336 1964 492 2038 carmine
521 1965 628 2060 igitur
655 1963 774 2036 lustini
800 1965 1006 2038 testimonio
1034 1959 1189 2039 nonnihil
1207 1967 1348 2041 additur

163 2089 403 2177 auctoritatis,
432 2089 498 2160 sed
526 2087 644 2186 magis
658 2086 767 2159 etiam
781 2086 958 2160 stabilitur
972 2091 1135 2163 versibus
1150 2117 1241 2188 quos
1255 2090 1347 2188 legis

164 2217 200 2287 in
233 2215 305 2286 ode
330 2207 489 2286 secunda
513 2211 592 2285 libri
619 2211 790 2284 secundi:

413 2338 608 2409 Redde'ieem
648 2337 741 2432 Cyri
763 2337 850 2408 sele'e
882 2337 1079 2410 Pierealem

413 2461 608 2533 Dessideres
623 2461 726 2554 plebi
749 2486 896 2533 reamare
923 2462 1102 2534 beelereem

412 2587 561 2658 Eximit
584 2587 703 2657 ee'rtees
718 2579 961 2682 populumque
975 2587 1094 2682 falsis

518 2787 522 2793 ,
630 2710 782 2781 Dedecet
807 2711 877 2780 eeti·

420 2835 575 2920 Veee'bees,
605 2859 684 2929 sqq.

225 2961 262 3031 ln
302 2961 400 3056 quod
433 2983 577 3032 carmen
605 2958 732 3054 aptiuS,
763 2983 821 3030 me
851 2958 996 3054 quidem
1024 2959 1148 3042 iudice,
1180 2959 1345 3032 convenit

173 3084 343 3155 Tiridatis
367 3082 487 3155 clades
507 3099 544 3156 et
557 3083 643 3179 suga
657 3083 692 3153 in
706 3081 930 3177 Hispaniam,
948 3107 971 3154 a
984 3082 1116 3154 Iustino
1131 3100 1340 3172 memorata,

171 3233 282 3303 quam
323 3232 381 3278 res
406 3222 534 3303 gestae
561 3207 641 3279 anni
670 3230 729 3298 30.
778 3206 841 3278 Aa
868 3231 1000 3278 annum
1030 3230 1079 3299 30
1100 3216 1152 3280 'ne
1177 3207 1266 3281 haec
1292 3233 1343 3280 re-

170 3333 337 3420 ferantur,
361 3333 492 3421 obstat,
514 3333 613 3431 quod
629 3332 702 3405 Dio
717 3332 773 3418 Ll,
796 3335 840 3404 18
856 3330 1068 3404 Parthorum
1083 3331 1342 3404 dissensionum

169 3458 363 3530 narrationi
400 3455 530 3530 nullam
557 3457 718 3529 Phraatis
746 3481 792 3528 ex
817 3482 927 3553 regne
953 3457 1100 3551 expulsi
1125 3456 1343 3528 mentionem

168 3583 284 3654 iniicit.
342 3582 479 3655 Contra
507 3582 554 3654 ad
579 3581 698 3653 lustini
724 3580 967 3653 testimonium
996 3579 1133 3675 optime
1152 3578 1338 3676 quadrant.

169 3707 269 3780 Idem
297 3722 549 3804 argumentum
576 3706 660 3776 mihi
687 3703 825 3791 sufficit,
857 3717 896 3774 ut
921 3727 1065 3775 carmen
1093 3703 1116 3774 l.
1153 3709 1224 3775 26:

381 3832 507 3903 Musis
534 3832 671 3902 aree'eees
697 3828 886 3900 eresteie'am
913 3836 947 3898 ei
970 3837 1082 3898 metes

390 3956 551 4027 Tradere
567 3953 751 4049 protervis
775 3953 816 4023 ia
842 3974 944 4022 mare
973 3951 1151 4023 Creticam

383 4082 536 4154 Periere
559 4079 681 4164 ventes,
712 4078 791 4173 ereis
818 4077 883 4148 seeb
909 4077 1023 4148 Arete

209 4292 232 4352 1)
252 4286 290 4334 Cf.
312 4283 466 4342 nio.1.111,
488 4281 533 4340 163
554 4281 621 4331 Suet.
641 4281 707 4344 Aug.
720 4290 743 4341 7.
760 4306 782 4316 -
799 4278 915 4326 Monum.
927 4279 1020 4342 Ancyr.
1031 4278 1076 4337 Vl,
1094 4290 1141 4338 13:
1162 4277 1200 4323 In
1220 4290 1343 4323 consu-

169 4376 248 4424 latu
279 4380 390 4423 sexto
415 4380 447 4421 et
465 4370 644 4435 septimo,
656 4375 793 4432 postquam
810 4367 875 4414 belle
894 4366 977 4415 civilia
993 4365 1167 4414 exstinxeram
1180 4370 1231 4426 per
1249 4377 1343 4410 censea-

167 4479 223 4512 sum
242 4463 419 4511 universerum
431 4460 529 4524 petitus
548 4474 636 4506 rerum
654 4457 776 4515 emnium,
796 4456 974 4520 rempublicam
993 4472 1024 4502 ex
1044 4469 1098 4503 mee
1110 4450 1342 4515 potestatee'resena·

169 4559 208 4599 tas
219 4551 357 4616 medique
375 4549 488 4598 Remeni
505 4546 644 4596 arbitrium
662 4545 790 4593 eremitali.
832 4546 887 4605 Quo
899 4551 952 4608 pre
970 4543 1058 4592 enerite
1078 4539 1343 4589 meeseneteescenseelte

172 4643 299 4704 Augustus
317 4639 456 4703 appellatus
474 4654 537 4685 serere.
