3292 5259
646 1318 781 1377 CAPUT
802 1314 1037 1376 SECUNDUM.

258 1526 320 1628 DE
358 1525 467 1604 FIDE
506 1524 575 1603 ΕΤ.
609 1522 947 1604 AUCTORITATE
987 1519 1161 1601 IUSTINI
1197 1518 1242 1597 IN
1274 1490 1433 1596 ‘REBUS

549 1656 800 1737 PARTHICIS
831 1654 1149 1735 ENARRANDIS.

707 1892 943 1901 ...--——-—

312 2049 370 2120 Ex
403 2048 536 2144 pauciS,
572 2072 665 2144 quae
701 2034 851 2119 Iustinus
880 2070 927 2119 ex
955 2046 1072 2142 Trogi
1101 2045 1251 2141 Pompei
1278 2043 1434 2116 historiis

258 2173 362 2245 nobis
389 2172 546 2244 servavit
573 2172 762 2268 excerptis
791 2171 888 2244 haud
918 2169 1066 2243 multum
1096 2169 1273 2242 Iucramur
1287 2168 1334 2240 ad
1348 2194 1431 2265 cog-

260 2295 460 2368 noscendas
493 2321 552 2368 res
588 2296 781 2386 Parthicas,
818 2322 912 2394 quae
942 2295 989 2367 ad
1018 2310 1178 2367 nostrum
1206 2293 1351 2391 quidem
1380 2318 1434 2365 ar-

259 2434 471 2515 gumentum
499 2434 672 2515 spectant.
705 2421 858 2493 Duobus
878 2419 991 2517 iisque
1010 2418 1228 2491 brevissimis
1242 2415 1338 2490 Iibris
1348 2417 1433 2488 XLI

260 2558 297 2615 et
316 2542 424 2631 XLII,
447 2566 598 2639 quorum
615 2568 750 2640 magna
767 2570 852 2641 pars
871 2559 1066 2640 occupatur
1085 2542 1367 2639 digressionibus
1386 2542 1433 2613 de

232 2666 422 2739 'Bactriae
450 2682 487 2737 et
514 2667 709 2740 Armeniae
738 2668 945 2765 originibus,
976 2691 1121 2739 omnem
1144 2666 1329 2739 historiam
1352 2666 1432 2737 Par-

260 2788 392 2861 thicam
423 2789 471 2862 ab
504 2789 602 2862 initio
635 2790 737 2888 regni
773 2790 1032 2864 Arsacidarum
1059 2790 1248 2888 usquead
1276 2789 1429 2887 Augusti

261 2928 427 3008 tempora
446 2910 657 3009 complexus
672 2929 737 2986 est.
755 2915 832 2985 Iam
845 2915 967 2985 statim
982 2914 1064 2986 inde
1079 2913 1248 3011 sequitur,
1265 2930 1304 2987 ut
1319 2936 1431 2985 narra-

255 3040 358 3111 tione
386 3039 420 3110 in
448 3054 524 3111 tam
551 3040 713 3136 angustis
740 3039 868 3113 finibus
895 3053 1068 3123 coartata,
1098 3062 1156 3110 res
1182 3032 1455 3110 memorabiles·

262 3177 362 3234 tanto
397 3163 569 3257 temporis
597 3164 715 3259 spatio
743 3179 868 3259 gestas
895 3160 1021 3235 leviter
1048 3161 1167 3257 magis
1191 3162 1436 3257 perstringere

173 3309 175 3313 ’
262 3310 371 3383 quam
399 3300 565 3357 accurate
592 3302 813 3381 pertractare
840 3286 1008 3382 potuerit,
1027 3285 1125 3383 quod
1144 3284 1330 3382 unicuique
1344 3284 1436 3355 hanc

262 3408 381 3481 Iustini
409 3409 528 3505 operis
557 3423 697 3504 partem
726 3410 921 3505 inspicienti
949 3407 1050 3481 saciIe
1079 3410 1112 3480 in
1132 3406 1255 3482 oculos
1271 3409 1433 3481 incurret.

317 3532 548 3630 Quamquam
574 3532 610 3604 id
638 3532 687 3604 ita
715 3532 902 3621 sehabet,
933 3548 1054 3606 tamen
1082 3548 1190 3629 grato
1213 3534 1333 3606 animo
1348 3533 1437 3605 acci·

262 3655 417 3752 piendae
451 3672 533 3728 sunt
564 3653 734 3754 reliquIae
762 3657 990 3754 quantumvis
1017 3656 1183 3753 exiguae,
1214 3682 1303 3755 quas
1332 3656 1437 3728 nobis
1498 3625 1503 3644 Ι

264 3779 426 3868 tradidit,
456 3804 528 3851 non
547 3804 619 3876 quo
639 3796 701 3852 aut
715 3779 805 3852 mira
823 3780 986 3854 dictionis
996 3781 1218 3877 praestantia
1232 3796 1294 3853 aut
1308 3780 1436 3877 insigni

263 3900 448 3997 diligentia
476 3917 512 3979 et
540 3900 611 3975 fide
626 3928 708 3976 sese
724 3904 988 3993 commendent,
1005 3904 1071 3977 sed
1086 3904 1153 3977 hac
1167 3929 1239 3976 una
1252 3904 1299 3976 de
1315 3929 1434 3993 causa,

264 4026 368 4126 quod·
391 4028 425 4098 in
453 4026 494 4099 iis
522 4026 641 4122 agitur
668 4027 714 4100 de
730 4024 794 4100 iIIis
809 4028 1031 4124 temporibus
1046 4053 1141 4126 quae
1159 4046 1243 4124 post
1261 4043 1317 4101 tot
1329 4028 1437 4123 scrip-

265 4168 383 4224 torum
411 4150 590 4222 interitum
605 4151 780 4223 aterrimis
795 4151 947 4223 nubibus
967 4149 1126 4225 involuta
1145 4167 1235 4223 sunt.
1266 4152 1348 4223 Hoc
1363 4177 1438 4224 mo-

265 4289 515 4347 numentorum
552 4274 738 4371 naufragio
766 4272 822 4347 vel
852 4301 990 4371 paucae
1018 4275 1114 4356 istae⁴
1136 4273 1316 4373 reliquiae,
1347 4301 1437 4373 quas

265 4400 294 4472 si
312 4380 379 4471 'alii
407 4398 453 4471 de
482 4399 608 4471 iisdem
636 4399 743 4473 rebus
771 4415 937 4474 auctores
965 4399 1069 4471 nobis
1096 4413 1339 4494 suppeterent,
1371 4398 1438 4470 for-

265 4541 362 4597 tasse
390 4548 470 4595 cum
499 4524 590 4596 fastu
605 4548 873 4620 seponeremus,
895 4523 1073 4619 gravitate
1088 4520 1247 4619 quadam
1262 4536 1300 4593 et
1318 4537 1438 4594 aucto-
