3292 5259
772 369 823 408 101

210 511 362 586 haberet
392 517 658 614 praesagiebat,
697 520 784 618 quid
820 537 918 594 esset
948 498 1415 628 iutummScripsltad
1431 509 1498 624 {5¹:⁰2

213 637 374 710 Caelium
405 640 466 735 (ad
494 641 596 713 Fam.
624 643 663 715 Il.
701 667 756 716 10.
785 647 857 740 4.):
891 657 953 720 »at
977 649 1117 720 redeam
1145 649 1199 720 acl
1219 648 1385 732 Parthas,

212 762 298 833 tzaee
338 773 454 835 aestas
480 764 609 838 tabuit
631 766 727 840 aare
752 769 891 842 exitum
915 772 1008 852 satis
1022 772 1190 867 sele'eera:
1215 798 1267 857 ea,
1303 797 1390 867 qaae
1483 809 1486 814 ·

211 887 381 981 sepra'tar,
411 913 542 984 magna
567 899 619 961 est
643 890 684 962 r'a
710 890 870 965 tr'mere.''
915 894 1026 988 Quod
1055 895 1246 991 augurium
1271 919 1388 994 rerum

214 1025 363 1082 eventus
402 1013 662 1108 comprobavit,
707 1039 790 1088 nam
829 1042 923 1091 anno
963 1040 1012 1111 50
1047 1020 1191 1092 ineunte
1221 1019 1268 1092 de
1294 1045 1389 1092 novo

214 1133 370 1206 Pacorus
397 1161 476 1208 cum
493 1147 600 1210 manu
615 1138 828 1213 Parthorum
848 1143 897 1215 cis
918 1143 1144 1241 Euphratem
1159 1123 1388 1241 conspicitui,

214 1257 334 1330 Idibus
373 1261 478 1333 Febr.
516 1262 643 1336 Cicero
675 1264 881 1340 Laodiceae
918 1269 1039 1341 scribit
1067 1269 1114 1341 ad
1144 1269 1297 1341 amicum
1327 1269 1389 1364 (ad

218 1381 295 1454 Att.
330 1383 373 1454 V.
414 1408 471 1483 2¹1.
506 1388 569 1480 2):
617 1389 927 1464 »bertradanem
951 1395 991 1464 z'a
1021 1393 1252 1490 Cyrrhestica
1271 1395 1387 1466 maxi-

214 1532 378 1603 mamque
409 1511 535 1582 bellura
563 1513 760 1608 repende&
788 1541 875 1588 aare
902 1526 936 1589 et
965 1518 1087 1601 Orodi,
1123 1520 1221 1615 regis
1239 1517 1390 1591 Partlra-

214 1657 299 1702 rare
328 1633 440 1728 filias
482 1636 522 1708 e'a
554 1638 746 1731 praetacta
779 1649 904 1712 nestra
945 1652 1002 1727 est,
1034 1668 1093 1714 aee
1121 1643 1260 1715 dabri‘at
1284 1645 1389 1716 Deio·

214 1763 329 1839 taras,
373 1760 476 1830 caras
509 1761 597 1856 filie
632 1772 743 1857 pacta
788 1773 842 1835 est
879 1764 1103 1838 Artavasdes
1118 1767 1220 1862 filia,
1252 1792 1298 1838 ex
1325 1792 1390 1863 pao

172 1879 176 1883 ⁵
215 1886 308 1956 see‘re'
319 1885 449 1978 potuit,
477 1886 568 1981 ‘qaia
595 1911 674 1958 cam
702 1889 865 1960 amardus
892 1891 1001 1984 capras
1029 1891 1103 1984 ipse
1119 1892 1249 1983 preire
1263 1899 1392 1962 aestate

215 2009 432 2103 Euphraten
462 2010 693 2082 transituras
720 2009 799 2084 sr't.'’
826 2011 873 2084 ad
892 2012 969 2084 Att.
991 2013 1050 2084 VI.
1077 2037 1103 2084 1.
1128 2035 1191 2102 14:
1213 2015 1396 2086 »tremant

215 2134 256 2204 e‘n
297 2142 419 2205 rastra
443 2134 636 2227 praetacta
676 2135 834 2224 Pareat,
867 2146 1092 2231 exspectatur
1127 2138 1200 2231 r'pse
1244 2137 1388 2210 Orodes.

219 2257 324 2344 Qaa'a'
362 2258 530 2351 quaeres?
571 2258 799 2353 aliquantam
845 2268 897 2331 est
921 2257 1082 2357 aegetr‘e'.''
1128 2260 1257 2332 Cicero
1286 2260 1393 2356 igitur

216 2380 428 2452 versabatur
470 2380 505 2451 in
540 2404 674 2475 magna
701 2381 808 2453 animi
835 2383 1123 2478 perturbatione3
1152 2383 1321 2456 horrebat
1348 2409 1392 2456 ne

217 2503 367 2576 tumultu
409 2505 444 2575 in
479 2504 585 2600 Syria
621 2505 890 2600 praecideretur
920 2532 1005 2602 spes
1038 2507 1085 2579 ad
1121 2522 1263 2602 tempus
1291 2503 1394 2580 dece-

218 2628 338 2715 dendi,
377 2654 468 2701 neve
504 2644 588 2701 ante
623 2653 778 2700 annuum
814 2630 999 2724 negotium
1034 2629 1234 2703 conlectum
1263 2630 1394 2704 bellum

220 2753 254 2823 in
287 2778 389 2825 suam
426 2752 648 2848 provinciam
685 2768 782 2825 esset
815 2753 1038 2849 irrupturum.
1096 2754 1190 2826 Hinc
1220 2780 1291 2827 non
1319 2757 1394 2828 sine

219 2875 378 2972 maligna
409 2876 568 2973 quadam
610 2875 796 2973 voluptate
830 2878 946 2966 iactat,
983 2903 1073 2950 nunc
1110 2879 1255 2974 quidem
1286 2905 1394 2975 appa·

224 3027 302 3073 rere
343 3002 482 3097 ineptas
524 3001 631 3074 luisse
673 3001 789 3073 Cassii
833 3000 967 3074 litteras
1005 3001 1167 3074 victrices
1202 3027 1318 3100 neque
1341 3029 1393 3080 xse

222 3126 395 3213 dubitare,
434 3125 518 3220 quin
554 3140 652 3197 esset
686 3125 851 3211 futurum,
883 3139 921 3196 ut
949 3124 1062 3197 Bibuli
1087 3123 1211 3198 litteris
1239 3126 1394 3200 recitatis

220 3267 365 3322 senatus
405 3264 703 3321 commoveretur.
747 3221 794 3344 1).
826 3249 886 3320 An
928 3275 1054 3322 revera
1094 3265 1240 3323 senatus
1280 3249 1393 3323 Bibuli
1480 3311 1482 3315 .

228 3375 349 3447 nuntio
391 3373 499 3447 allato
534 3389 735 3446 commotus
764 3373 883 3459 luerit,
920 3377 954 3469 2)
986 3375 1022 3445 id
1050 3400 1117 3471 pro
1145 3390 1245 3448 certo
1273 3376 1394 3448 diiudi-

240 3592 466 3663 Ι1)(Ἑ1111Αῑι.
490 3597 536 3648 IV,
557 3609 579 3646 1.
601 3610 640 3657 14.

259 3689 283 3746 2)
303 3685 380 3734 Haud
400 3685 600 3750 improbabiliter
619 3685 734 3734 affirmari
756 3692 847 3750 potest,
866 3684 949 3732 Bibuli
967 3683 1080 3731 nuntium
1100 3683 1132 3732 de
1148 3699 1217 3731 novo
1236 3683 1297 3740 belli
1307 3683 1396 3731 timore

224 3771 319 3833 circiter
336 3789 449 3822 mensem
468 3774 631 3822 Februarium
650 3774 709 3822 anni
732 3783 766 3836 5⁰
784 3774 895 3821 Romam
914 3767 1063 3837 pervenisse,
1082 3774 1195 3838 Apparet
1213 3774 1279 3822 enim
1290 3774 1397 3834 ,exdua-

226 3861 279 3918 bus,
307 3879 367 3926 quas
386 3879 473 3910 mense
492 3862 630 3910 Februario
649 3862 737 3910 Cicero
756 3877 787 3909 ex
810 3861 871 3909 urbe
890 3860 1019 3908 Laodicea
1030 3860 1106 3910 dedit
1125 3861 1211 3910 litteris
1231 3857 1275 3930 (ad
1294 3864 1346 3917 Att.
1365 3864 1396 3912 V.

229 3963 268 3998 21.
290 3964 319 4010 25
339 3952 384 3998 VI.
408 3964 429 4003 1.
453 3947 505 4019 14.)
524 3951 638 3999 nuntium
658 3960 717 3998 tunc
737 3949 886 4014 iampridem
905 3964 935 3996 ex
955 3948 1026 4011 Syria
1044 3948 1147 3998 missum
1158 3949 1241 3998 fuisse.
1261 3951 1343 4012 Quam
1355 3951 1398 3998 ob·
1436 3962 1440 3967 '

167 4069 171 4077 ι
198 4047 201 4052 “
226 4040 392 4095 servationem
410 4039 480 4104 parvi
499 4056 553 4088 esse
571 4039 694 4087 momenti
716 4038 798 4086 libens
820 4053 941 4101 agnosc0‚
961 4037 1006 4086 sed
1025 4037 1086 4086 video
1104 4054 1158 4086 eam
1168 4053 1221 4086 non
1233 4039 1330 4097 retinui,
1342 4040 1399 4103 quia

227 4128 291 4177 salso
319 4145 432 4177 mensem
453 4127 550 4177 Maium
570 4128 680 4193 positum
699 4142 754 4174 esse
771 4126 847 4176 video
866 4141 881 4173 a
903 4125 957 4174 viro
977 4125 1124 4174 doctissimo
1147 4125 1234 4190 Lange
1251 4127 1398 4188 (Rdmische

225 4216 403 4276 Alterth'umer,
423 4233 480 4282 pag.
504 4217 585 4279 396),
607 4216 696 4264 iniuria
715 4221 802 4264 testem
821 4214 964 4278 producens
983 4214 1116 4279 epistolam
1135 4215 1167 4262 ad
1182 4215 1363 4275 AtticumVII.
1375 4227 1398 4262 2.

224 4305 249 4355 6.
278 4305 399 4355 Confudit
421 4306 516 4355 scilicet
531 4306 593 4354 duas
614 4304 698 4352 Bibuli
716 4304 819 4362 litteras,
838 4304 941 4352 alteram
960 4302 1021 4366 (vid.
1040 4303 1072 4351 ad
1092 4304 1144 4352 Att.
1166 4303 1210 4354 Vl.
1234 4316 1255 4355 1.
1278 4300 1330 4369 14.)
1349 4302 1400 4366 ple·
1493 4308 1495 4312 “

232 4410 291 4442 nam
319 4395 427 4444 Parthici
446 4396 551 4455 timoris,
571 4394 696 4459 scriptam,
715 4400 741 4441 ut
759 4409 790 4441 ex
809 4392 864 4458 ipsa
882 4393 917 4440 rei
935 4399 1021 4440 natura
1039 4391 1158 4455 sequitur,
1177 4391 1260 4439 hieme
1278 4391 1337 4438 anni
1358 4400 1399 4456 51,

230 4500 306 4548 quum
334 4483 429 4532 bellum
457 4483 600 4532 Parthicum
628 4481 790 4546 impenderet,
810 4481 914 4530 alteram
932 4480 991 4542 (vid.
1012 4480 1044 4528 ad
1063 4482 1114 4528 Att.
1137 4480 1196 4527 VII.
1217 4491 1239 4529 2.
1260 4479 1297 4544 6,)
1317 4479 1400 4526 datam

227 4581 320 4621 aestate
339 4573 397 4620 annl
419 4582 452 4634 50
470 4579 529 4636 post
548 4570 697 4619 Parthorum
716 4569 861 4628 discessum,
872 4585 945 4633 quam
957 4568 1046 4616 Cicero
1057 4566 1298 4632 impudentissimam
1307 4567 1402 4615 idcirco

228 4661 349 4719 nominat,
369 4661 439 4725 quod
458 4676 513 4709 eam
532 4658 672 4707 honorifica
691 4658 843 4723 supplicatio
863 4663 996 4706 consecuta
1015 4663 1058 4706 est.
