3292 5259
826 359 860 416 91

242 509 363 607 ibique
401 525 519 582 castra
551 506 712 582 collocat.
744 509 828 583 Hoc
858 510 927 598 die,
956 507 1014 584 vel
1034 511 1092 584 die
1113 513 1354 608 praecedente
1371 561 1423 572 -

245 634 282 704 id
322 633 516 707 diiudicare
544 633 652 708 nolim
680 679 749 722 —,
779 635 846 708 sed
874 635 997 734 utique
1021 651 1105 708 ante
1142 661 1244 708 suum
1292 638 1325 710 in
1352 639 1421 736 Cy·

244 758 355 830 bistra
391 757 586 831 adventum
622 783 740 831 rerum
777 765 911 832 statum
945 785 1024 832 cum
1061 776 1187 834 senatu
1227 765 1421 836 communi·

244 897 303 954 cat
329 907 395 978 per
422 907 484 955 eas
516 880 664 966 litteras
696 909 790 981 quae
823 909 916 956 nunc
944 885 978 956 in
1010 881 1101 958 libro
1127 885 1250 982 quinto
1278 887 1422 960 decimo

243 1004 363 1076 locum
390 1006 553 1079 obtinent
589 1006 753 1103 primum.
791 1010 824 1103 1)
1171 993 1176 1000 ’

300 1129 1419 1227 adAERfflMQmMfflmmmw.

298 1255 422 1353 Usque
461 1255 509 1327 ad
543 1255 636 1326 hunc
663 1255 759 1328 diem
788 1255 986 1329 admodum
1014 1254 1110 1328 lente
1138 1272 1175 1330 et
1203 1258 1306 1331 tarde
1334 1284 1420 1332 eum

243 1379 312 1450 iter
352 1378 479 1451 secisse
521 1379 555 1449 in
594 1379 894 1475 praecedentibus
928 1393 986 1451 sat
1026 1396 1153 1475 aperte
1181 1383 1417 1457 ostendimus.

244 1491 1492 1600 ωὶΠΙΜιιΞερηπὺῃυεῐῑιηιῑίυεάεΗπὼωωηώγ

243 1643 352 1699 ventu
378 1627 424 1699 ad
452 1627 609 1700 Iconium
637 1628 801 1701 affertur:
829 1642 914 1724 post
941 1627 1043 1701 unius
1071 1645 1108 1702 et
1134 1630 1259 1727 viginti
1280 1631 1419 1705 dierum

243 1749 465 1823 intervallum
500 1752 662 1825 considet
690 1753 806 1826 adhuc
832 1753 879 1825 ad
908 1753 1086 1848 Cybistra,
1117 1754 1151 1825 in
1179 1753 1259 1828 loco
1287 1782 1418 1852 pauco-

245 1875 1419 1955 rmfflmfflwmmfflmfflfflwmc

244 2000 303 2073 die
339 2001 495 2073 rationes
536 1999 643 2097 plane
684 2017 958 2089 commutantur,
996 2001 1060 2089 ita,
1096 2019 1134 2074 ut
1162 2030 1270 2100 quem
1306 2006 1419 2079 modo

244 2111 1420 2221 mmmmmmfflmmmwmmmfflfflmb

245 2250 474 2322 fortissimum
515 2265 552 2321 et
593 2248 880 2321 audacissimum.
924 2249 1021 2322 Audi
1058 2251 1173 2346 ipsum
1201 2251 1236 2323 in
1264 2253 1417 2348 epistola

244 2375 292 2447 ad
319 2375 480 2447 Atticum
508 2374 552 2445 V.
589 2398 647 2446 20.
683 2397 721 2446 2:
757 2400 858 2446 »curri
890 2375 963 2446 dz'es
995 2377 1146 2471 quinque
1173 2378 1226 2448 ad
1250 2378 1419 2473 Cybistra

242 2502 361 2571 castra
393 2499 607 2583 habuissem,
628 2499 757 2571 certior
788 2525 868 2570 sum
889 2499 1018 2595 factus
1050 2499 1242 2573 Parthos
1272 2501 1418 2575 abillo

243 2623 368 2696 aditu
397 2623 713 2719 Cappadociae
741 2622 876 2718 longe
904 2623 1074 2710 abesse,
1116 2621 1307 2698 Ciliciae
1336 2653 1418 2698 ma-

244 2748 311 2844 gis
347 2748 594 2821 imminere:
638 2749 754 2844 iiiique
790 2747 1031 2820 confestim
1069 2749 1137 2822 iter
1172 2751 1211 2821 iri
1252 2751 1417 2823 Ciliciam

186 2914 190 2919 ·
232 2874 316 2969 srci
334 2883 408 2968 per
440 2873 560 2944 Tauri
575 2869 720 2967 pylas.’'
749 2872 870 2944 Macte
898 2872 1038 2958 virtute,
1069 2872 1196 2944 Cicero
1209 2880 1221 2943 l
1238 2873 1298 2944 vix
1313 2873 1419 2944 audis

243 2998 386 3070 hostem
414 3021 453 3068 se
481 2996 516 3067 in
544 2994 763 3090 provinciam
788 3011 888 3069 tuam
908 2995 1137 3084 convertisse,
1156 3011 1192 3066 et
1207 2995 1277 3066 iam
1292 3012 1417 3068 contra

245 3123 295 3194 ire
337 3119 532 3206 contendis,
572 3118 680 3216 idque
721 3119 916 3214 confratria,
965 3144 1071 3214 pram
1103 3128 1205 3213 potes
1241 3123 1420 3193 maximis

243 3249 432 3321 itineribus
460 3249 495 3340 2)
525 3244 628 3315 Nunc
653 3241 794 3339 penitus
821 3238 992 3337 intellig0,
1028 3257 1103 3315 tam
1131 3240 1235 3316 celeri
1266 3258 1328 3316 tuo
1357 3244 1419 3317 ad=

243 3387 351 3445 ventu
387 3371 510 3442 hostes
551 3366 759 3464 perterritos
801 3365 918 3454 luisse,
963 3382 1000 3438 et
1037 3367 1194 3439 animum
1222 3368 1419 3440 accessisse

245 3497 465 3570 Cassiol....
510 3493 686 3565 Attamen
724 3487 837 3562 nullus
872 3507 927 3564 est
956 3490 1159 3589 gratulandi
1187 3490 1297 3580 locus,
1333 3517 1416 3564 nam
1519 3491 1521 3494 ’

245 3622 365 3694 omnia
400 3621 527 3703 bonus
545 3618 740 3712 imperator
776 3614 886 3704 finxit,
922 3616 1053 3705 omnia,
1086 3643 1131 3689 ne
1170 3617 1288 3689 dicam
1317 3615 1417 3704 dolo,

246 3745 412 3818 mentitus
458 3757 523 3816 est.
568 3741 715 3827 Veram,
746 3765 840 3836 quae
879 3765 961 3812 eum
995 3740 1042 3812 ad
1080 3756 1198 3813 castra
1235 3742 1419 3814 movenda

257 3912 417 3924 —-—

282 3968 306 4027 1)
326 3963 403 4026 Quod
421 3970 478 4012 ante
497 3963 633 4012 adventum
651 3962 758 4025 scriptae
777 3965 842 4017 sunt,
862 3959 972 4024 sequitur
991 3974 1021 4006 ex
1041 3959 1079 4007 his
1099 3959 1197 4008 verbis:
1219 3960 1418 4018 ‚,exercitumod

249 4053 363 4101 Taurum
391 4051 490 4100 imtitui
513 4049 627 4098 dru·ere.''
665 4050 706 4097 De
734 4047 855 4112 Cybistris
883 4055 965 4095 autem
986 4030 1064 4094 'nulla
1084 4047 1110 4096 fit
1129 4048 1232 4098 meutio.
1254 4048 1295 4096 nd
1315 4049 1415 4098 easdem

244 4140 337 4189 litteras
365 4140 454 4188 Cicero
473 4146 568 4204 spectat
586 4139 612 4187 in
631 4137 739 4203 epistola
757 4137 790 4186 ad
808 4136 920 4184 Atticum
940 4136 970 4183 V.
994 4134 1043 4185 18:
1064 4136 1119 4193 „tis
1138 4137 1167 4184 cle
1187 4138 1259 4184 rebus
1277 4137 1367 4201 scripsi
1384 4137 1422 4184 ad

237 4222 384 4282 'seriotunz,’'
412 4223 483 4290 Quae
505 4228 580 4276 verba
599 4227 669 4292 quod
694 4254 716 4264 -
742 4233 767 4275 ut
786 4242 860 4290 supra
879 4224 1024 4273 monuimus
1049 4253 1070 4262 -
1096 4225 1187 4290 scripta
1206 4233 1262 4274 sunt
1282 4242 1303 4273 a.
1325 4225 1349 4272 d.
1368 4225 1414 4276 Xl.

246 4317 304 4366 Kal.
332 4316 397 4375 Oct„
425 4316 499 4364 simul
526 4315 658 4380 perspicue
676 4322 780 4380 apparet
798 4315 824 4362 in
843 4329 927 4362 errore
947 4313 1037 4362 versari
1057 4314 1136 4362 virum
1157 4314 1320 4362 clarissimum
1340 4314 1418 4370 Boot,

245 4405 287 4470 qui
305 4405 331 4453 in
349 4405 513 4453 annotatione
532 4403 564 4452 ad
583 4403 650 4452 hunc
669 4403 754 4451 locum
774 4401 881 4466 intelligi
899 4401 959 4450 velit
978 4401 1104 4465 epistolam
1124 4401 1255 4449 secundam
1269 4401 1327 4449 libri
1337 4402 1415 4466 quinti

245 4493 343 4543 decimi.
380 4495 415 4541 At
433 4508 493 4541 vero
512 4508 542 4542 ea
559 4493 650 4557 scripta
668 4499 705 4541 est
723 4498 831 4556 quatuor
849 4489 938 4539 diebus
958 4497 1024 4553 post,
1046 4505 1121 4553 quum
1142 4490 1191 4537 iam
1211 4496 1290 4538 castra
1301 4490 1388 4538 Cicero
1403 4506 1419 4536 u

246 4581 364 4644 Cybistris
382 4580 510 4628 movisset⁴
530 4579 568 4628 cf.
589 4579 621 4628 ad
641 4581 710 4630 ram.
731 4579 786 4626 xv.
808 4567 836 4626 2ss
852 4577 875 4626 8.

281 4670 309 4729 2)
328 4669 368 4718 ad.
389 4670 458 4716 Fam.
479 4668 536 4717 XV.
554 4682 579 4728 4.
602 4680 624 4728 7.
