3292 5259
750 305 784 365 51

179 456 213 528 ni
259 457 396 553 optime
438 480 648 552 congruere,
697 484 791 555 quae
840 459 914 533 Dio
964 460 1011 533 de
1052 461 1223 535 Tiridatis
1268 464 1353 562 fuga

178 580 398 675 exposuerit.
428 580 573 695 Etenim
598 581 683 679 quid
711 582 830 680 magis
856 600 1136 658 consentaneum
1162 602 1228 674 est,
1245 612 1352 685 quam

178 720 218 778 ut
264 702 456 792 Tiridates
505 704 638 802 quippe
670 730 789 802 quem,
820 706 983 781 Antonio
1005 724 1044 781 et
1065 709 1271 784 Artavasde
1298 736 1353 785 so·

180 828 243 900 ciis
285 828 444 916 devictis,
482 828 576 901 vires
604 830 651 901 ad
677 828 809 906 bellum
845 846 970 904 contra
998 831 1191 906 Phraatem
1218 851 1354 909 susten·
1462 897 1466 902 ,

178 954 326 1027 tandum
368 953 571 1041 deficerent,
616 980 662 1027 eo
704 954 778 1027 sere
816 970 993 1052 tempore,
1022 982 1096 1054 quo
1127 982 1192 1030 rex
1227 959 1353 1033 Medo·

160 1102 268 1165 rum,
305 1094 494 1174 superatus
522 1092 559 1151 et
587 1078 621 1151 in
650 1076 813 1151 exsilium
840 1077 962 1175 pulsus
989 1081 1058 1154 sit?
1086 1082 1230 1157 Eodem
1256 1086 1353 1159 ducit

178 1218 215 1274 et
246 1200 335 1274 alius
368 1201 466 1275 locus
504 1201 631 1274 Dionis
664 1202 742 1289 LV,
787 1226 843 1290 10,
885 1204 945 1277 ubi
973 1230 1088 1302 agens
1112 1207 1160 1280 de
1191 1210 1298 1282 rebus
1330 1236 1353 1283 a

124 1376 125 1379 =
177 1327 219 1400 C.
251 1326 411 1399 Caesare
438 1351 533 1399 anno
564 1351 581 1397 2
609 1353 644 1422 p.
676 1326 759 1400 Chr.
791 1353 823 1400 n.
853 1328 887 1399 in
914 1329 1089 1403 Armenia
1115 1333 1229 1427 gestis
1248 1334 1351 1407 dicit:

178 1460 239 1526 „oi'
261 1480 297 1532 γε
314 1461 382 1533 μὴν
396 1457 625 1535 hohenoe...
644 1460 739 1533 ὅμως
755 1460 868 1535 ἐπειδὴ
885 1460 1130 1538 Ἀριοβαρζάνει
1144 1471 1210 1524 τινὶ
1232 1469 1350 1543 Μήδῳ,
1380 1462 1385 1469 ’

173 1585 247 1657 »ὃς
282 1582 396 1647 ’ποτε
439 1588 550 1658 μετὰ
594 1592 671 1645 τοῦ
708 1590 957 1663 Τιριδάτου
989 1592 1101 1665 πρὸς
1134 1593 1236 1663 τοὺς
1267 1589 1351 1649 Ῥω-

175 1719 341 1787 μαίους
359 1690 541 1789 ἀφῖκτο,
556 1716 778 1788 παρεδίδοντο
797 1711 1019 1788 ἐπολέμησαν.
1049 1699 1224 1793 Quisnam
1250 1702 1353 1775 Ario·

178 1830 349 1903 barzanes
377 1826 434 1899 ille
449 1826 552 1899 suerit
564 1839 666 1922 patet
681 1850 727 1897 ex
746 1826 984 1897 Monumento
1003 1824 1198 1921 Ancyrano
1216 1825 1261 1898 V.
1283 1831 1350 1899 28:

181 1956 256 2026 ‚Et
293 1953 438 2025 eundem
472 1961 613 2049 gentem
640 1956 765 2045 'postea
797 1950 1036 2021 desciscentem
1067 1959 1102 2021 et
1129 1950 1351 2023 rebellantem

154 2063 373 2151 'domitant
389 2088 464 2173 per
491 2077 622 2149 Caium
633 2074 764 2172 filium
792 2072 1094 2158 Ariobarzani,
1126 2072 1246 2169 regis
1271 2074 1351 2146 Me·

182 2198 674 2274 »dorum'Artavasdis
703 2196 808 2284 silio,
840 2198 1032 2295 regendum
1055 2198 1205 2285 tradedi,
1232 2208 1355 2294 etpost

182 2328 279 2399 »eius
307 2334 451 2397 mertem
467 2324 555 2421 filie
586 2325 662 2396 eius
690 2322 927 2395 Arlaeesdz'.”
955 2320 1220 2396 Ariobarzanes
1245 2324 1352 2420 igitur
1380 2359 1385 2367 ·

176 2449 207 2521 si
234 2446 324 2520 filius
351 2448 414 2520 luit
442 2447 667 2532 Artavasdis,
699 2464 817 2518 nonne
844 2472 890 2518 eo
910 2462 1074 2543 tempore
1093 2472 1174 2520 cum
1190 2445 1352 2523 Tiridate

176 2600 261 2647 eum
287 2573 335 2646 ad
362 2573 569 2669 Augustum
598 2570 801 2667 confugisse
816 2595 882 2667 par
900 2587 966 2659 est,
984 2597 1057 2669 quo
1075 2588 1180 2669 pater
1198 2600 1349 2672 regnum
1440 2594 1443 2602 ·

174 2726 280 2771 suum
307 2697 503 2771 amisisset?
531 2697 668 2769 Verum
683 2693 778 2768 aliud
792 2711 967 2791 superest,
995 2698 1094 2794 quod
1114 2699 1227 2772 maius
1242 2700 1350 2773 etiam

175 2824 318 2921 pondus
346 2823 474 2896 Dionis
501 2821 691 2895 narrationi
720 2820 835 2893 affert.
873 2820 968 2893 Nam
996 2818 1086 2894 libro
1105 2822 1162 2895 Ll.
1189 2847 1237 2896 20
1256 2850 1350 2896 com-

176 2974 383 3023 memorans
411 2949 509 3022 initio
535 2948 615 3021 anni
646 2972 691 3038 29
722 2948 880 3019 Romam
904 2946 1110 3041 pervenisse
1139 2945 1274 3020 litteras
1302 2949 1349 3021 ab

177 3072 380 3145 Octaviano
419 3074 466 3146 de
500 3073 607 3145 rebus
643 3070 814 3144 Parthicis
851 3070 898 3142 ad
930 3084 1094 3142 senatum
1134 3071 1351 3168 conscriptas

177 3214 345 3295 accurate
379 3212 563 3270 enumerat
590 3196 756 3282 honoreS,
787 3194 916 3290 quibus
944 3209 1066 3289 patres
1092 3194 1299 3292 Augustum
1319 3196 1353 3267 in

177 3320 262 3395 laeti
289 3322 389 3394 huius
415 3322 523 3394 nuntii
551 3321 705 3417 gratiam
734 3334 1007 3391 exornaverunt.
1053 3318 1119 3391 Cui
1148 3320 1353 3393 testimonio

176 3445 269 3518 fides
298 3445 466 3519 habenda
493 3462 565 3535 est,
593 3445 691 3517 haud
719 3442 956 3542 improbabile
983 3445 1078 3517 enim
1107 3445 1234 3532 iudico,
1267 3445 1349 3517 Dio·

179 3568 276 3643 nem
298 3571 367 3643 hoc
401 3569 747 3645 senatusconsultum
782 3570 953 3667 petivisse
990 3592 1037 3642 ex
1065 3570 1163 3643 sonte
1190 3594 1353 3642 summae

180 3696 411 3783 auctoritatis
456 3695 503 3768 ad
531 3720 639 3792 quem
666 3693 721 3777 illi,
760 3709 887 3791 utpote
912 3695 989 3766 viro
1029 3691 1214 3783 consulari,
1253 3693 1353 3768 facile
1397 3758 1400 3761 ,

179 3819 299 3891 aditus
327 3820 487 3915 patebat,
517 3844 647 3915 nempe
676 3843 723 3891 ex
749 3818 835 3915 ipsis
860 3818 948 3890 actis
973 3835 1129 3907 senatus,
1157 3844 1251 3917 quae
1276 3844 1353 3892 sae-

148 3951 151 3956 ’
180 3943 260 4041 pius
289 3969 370 4015 euni
401 3943 449 4015 ad
473 3968 618 4015 manum
642 3942 811 4015 habuisse
836 3942 923 4014 satis
950 3950 1100 4016 constat.
1138 3946 1171 4039 1)

211 4137 216 4147 ,
233 4046 381 4161 Quodsi
404 4067 512 4163 igitur
525 4083 661 4140 certum
677 4064 977 4163 exploratumque
995 4066 1219 4156 haberemus,
1240 4064 1353 4141 semel

179 4208 318 4265 tantum
347 4192 558 4281 ⁸Tiridatem
593 4218 633 4264 se
670 4191 717 4264 ad
755 4191 963 4287 Augustum
999 4191 1200 4279 contulisse,
1240 4190 1352 4264 nullus

175 4316 348 4413 equidem
385 4316 598 4401 dubitarem,
628 4315 711 4411 quin
739 4312 837 4387 solus
863 4314 936 4387 Dio
963 4340 1087 4387 verum
1116 4317 1218 4389 nobis
1247 4332 1353 4389 rettu-

178 4438 281 4525 lerit,
317 4456 391 4513 tam
430 4455 515 4535 apte
548 4432 668 4512 omnia
705 4438 893 4534 quadrant,
931 4438 960 4509 si
985 4438 1087 4510 huius
1113 4440 1352 4513 narrationem

179 4566 333 4574 .—----—-

219 4603 241 4660 r)
260 4600 297 4667 Ch
318 4600 458 4649 Wilmans:
480 4602 519 4650 De
540 4601 630 4649 Dionis
650 4598 727 4649 Cassii
745 4598 857 4647 sontibus
876 4605 900 4646 et
918 4597 1072 4655 auctoritate,
1091 4613 1147 4661 pag.
1168 4609 1209 4649 21.
