3292 5259
925 354 964 409 30

358 532 404 579 eo
439 520 623 601 gestarum
660 504 845 577 memoria.
898 504 1022 600 ltaque
1051 497 1254 573 incredibile
1282 499 1365 571 mihi
1392 499 1537 572 videtur

356 628 477 727 palam
509 629 673 702 Orodem
691 629 902 701 societatem
921 626 987 699 sibi
1006 622 1165 696 oblatam
1184 622 1402 719 repudiasse.
1433 624 1536 695 Peni-

357 770 414 826 tus
442 752 588 850 quidem
613 751 742 824 oderat
769 751 981 853 Pompeium
1009 765 1047 822 et
1073 745 1182 845 longe
1201 748 1328 820 aberat
1346 762 1386 819 ut
1404 772 1536 843 reapse

358 903 441 950 eum
470 874 607 948 auxiliis
636 875 833 962 adiuvaret,
864 872 930 946 sed
949 870 1057 945 nihilo
1076 872 1192 944 secius
1213 871 1260 944 ad
1283 872 1444 967 speciem
1459 871 1536 944 eius

358 1026 488 1074 causae
517 1025 597 1072 sese
626 999 774 1086 addixit,
805 1014 951 1071 etcum
979 1022 1025 1070 eo
1050 1022 1091 1069 se
1109 997 1228 1068 lacere
1246 993 1434 1083 simulavit,
1465 996 1535 1101 hoc

359 1149 483 1220 agens
514 1138 553 1195 ut
578 1123 738 1195 inanibus
757 1122 942 1218 promissis
961 1136 999 1194 et
1016 1121 1117 1193 vanis
1135 1120 1331 1216 praetextis
1353 1146 1435 1192 sese
1454 1121 1536 1191 sub·

357 1248 516 1321 traheret
543 1248 727 1343 suppetias
754 1246 890 1319 ferendi
917 1245 1046 1319 officio.
1082 1246 1223 1339 Quibus
1250 1245 1415 1317 omnibus
1440 1245 1536 1316 bene

358 1372 544 1468 perpensis
595 1372 772 1443 immerito
808 1398 867 1443 me
902 1370 1018 1444 iudice
1054 1370 1128 1442 Dio
1164 1368 1398 1465 Theophanis
1432 1368 1536 1441 testis

359 1490 488 1566 oculati
513 1494 755 1566 narrationem
770 1494 804 1565 in
819 1494 967 1566 dubium
980 1518 1112 1566 vocare
1127 1493 1270 1580 studuit,
1296 1519 1413 1590 neque
1427 1494 1537 1589 igitur

358 1617 498 1690 veritati
526 1631 716 1712 repugnat,
746 1616 845 1713 quod
859 1618 1008 1689 lustinus
1026 1618 1178 1690 Parthos
1196 1614 1291 1690 bello
1318 1613 1409 1688 civili
1430 1618 1536 1688 Pom-

298 1758 301 1763 “
360 1742 570 1837 peianarum
597 1741 751 1836 partium
779 1739 886 1812 luisse
910 1740 1102 1828 contendit,
1132 1740 1332 1813 dummodo
1359 1765 1405 1812 eo
1428 1765 1537 1811 sensu

360 1866 449 1939 haec
476 1867 589 1939 verba
617 1866 845 1961 accipiantur,
873 1862 912 1937 ut
939 1861 985 1935 illi
1012 1865 1171 1961 speciem
1190 1864 1366 1960 Pompeio
1392 1862 1536 1937 favendi

359 2015 448 2085 prae
474 2015 513 2062 se
542 1988 692 2061 tulerint.
732 1990 862 2083 Longe
891 1986 992 2060 aliter
1018 2013 1106 2060 vero
1138 1988 1364 2060 iudicandum
1399 2004 1457 2061 est
1490 1988 1536 2061 de

361 2114 486 2202 causiS,
517 2138 611 2210 quae
639 2113 836 2185 secundum
864 2112 955 2184 hunc
974 2127 1158 2185 auctorem
1176 2111 1329 2184 Parthos
1352 2112 1399 2184 ad
1425 2114 1537 2185 socie·

361 2251 474 2309 tatem
503 2237 739 2311 adduxerunt.
778 2237 895 2309 Addit
922 2237 1037 2310 enim:

419 2371 473 2433 »et
488 2371 641 2457 propter
664 2364 862 2434 amicitiam
889 2388 968 2433 earn
995 2362 1161 2456 Pompeia
1181 2363 1264 2434 bella
1281 2360 1536 2433 Mithridatico

362 2487 520 2557 r'rerectara
547 2496 581 2558 et
593 2496 747 2582 propter
773 2487 905 2557 Crassi
929 2512 1063 2571 neaera,
1083 2486 1185 2556 cazas
1198 2485 1328 2581 filiam
1355 2486 1396 2555 ia
1409 2486 1531 2578 parti·

361 2610 426 2680 bas
453 2610 621 2681 Caesaris
648 2636 719 2681 esse
747 2611 963 2696 audierant,
979 2635 1078 2705 paean
1102 2611 1251 2681 altarem
1266 2608 1394 2703 patris
1411 2608 1536 2679 vz'etore

365 2733 517 2805 Caesare
532 2734 713 2828 fataraar
739 2760 810 2805 aaa
834 2733 1075 2806 dubitabant.”

247 2838 248 2841 Ἴ
415 2856 536 2929 Crassi
566 2854 666 2945 filius,
706 2856 754 2929 de
786 2882 860 2954 quo
898 2849 964 2928 hic'
982 2857 1110 2953 agitur,
1149 2857 1388 2952 perobscurus
1415 2871 1469 2927 est
1498 2856 1530 2924 in

361 2980 507 3053 historia
542 2981 719 3053 Romana.
751 2980 975 3053 Praenomen
1001 2981 1076 3053 eius
1095 2978 1271 3076 colligitur
1290 3006 1337 3053 ex
1355 2977 1534 3052 Ciceronis

365 3101 517 3198 epistola
544 3104 591 3176 ad
619 3105 782 3176 Marcum
809 3120 961 3201 patrem,
993 3104 1041 3175 ad
1065 3104 1166 3175 Fam.
1198 3104 1243 3175 V.
1263 3108 1297 3192 8,
1320 3126 1365 3193 4:
1400 3105 1536 3196 »Filias

365 3236 442 3298 taos
469 3253 529 3324 ega
556 3230 657 3301 araba
684 3231 797 3301 aar'ce
811 3230 931 3327 deliga,
953 3231 1016 3301 sed
1030 3231 1072 3301 ia
1089 3229 1288 3301 Marcum
1307 3230 1538 3301 benevelentia

355 3360 442 3445 par
458 3352 522 3423 leae
548 3354 666 3448 mages
690 3379 771 3425 sam
798 3354 929 3425 Pabtra
952 3353 1100 3440 deditas,
1130 3354 1300 3449 quadrae
1316 3410 1424 3425 .....
1450 3354 1542 3423 sieut

365 3476 518 3547 alteram
535 3485 681 3570 patrem
708 3486 742 3548 et
763 3476 924 3547 observat
948 3486 981 3547 et
995 3476 1147 3573 dirigit?
1173 3476 1310 3548 Caesar
1337 3501 1420 3548 eum
1444 3500 1540 3547 anno

369 3618 417 3689 54
437 3615 667 3695 quaestorem
682 3598 775 3670 misit
794 3598 842 3670 ad
860 3596 1003 3695 Belgas
1026 3602 1059 3695 1)
1082 3615 1120 3672 et
1133 3614 1262 3696 postea
1281 3599 1424 3672 ineunte
1441 3595 1539 3671 bello

365 3718 456 3792 civili
483 3721 655 3816 praefecit
683 3719 823 3794 Galliae
848 3722 1010 3797 citeriori.
1032 3726 1068 3819 2)
1090 3724 1203 3795 Porro
1230 3721 1313 3796 nihil
1331 3723 1378 3796 de
1397 3748 1443 3795 eo
1457 3748 1539 3795 con-

365 3858 446 3916 stat.
478 3844 594 3916 Huius
621 3845 764 3917 nomine
783 3845 948 3918 Orodem
966 3843 1046 3943 plus
1063 3848 1130 3920 sibi
1149 3874 1171 3921 a
1190 3848 1349 3921 Caesare
1368 3848 1540 3923 metuisse

366 3994 476 4066 quam
504 3994 524 4041 a
554 3970 728 4064 Pompeio
755 3972 831 4043 veri
859 3970 1129 4045 dissimillimum
1156 3989 1221 4046 est.
1253 3974 1293 4045 Si
1321 3974 1368 4046 ad
1387 3974 1540 4046 necessi-

366 4092 496 4165 tudinis
531 4090 588 4165 vel
617 4092 797 4167 affinitatis
826 4095 901 4168 iura
928 4111 1037 4193 atque
1065 4096 1183 4170 officia
1209 4113 1400 4194 spectatur,
1440 4114 1539 4171 certe

367 4217 414 4289 ad
442 4216 655 4312 Pompeium
683 4218 799 4313 magis
814 4245 923 4316 quam
944 4220 991 4292 ad
1007 4221 1202 4293 Caesarem
1216 4222 1420 4318 pertinebat
1433 4221 1539 4294 Cras-

365 4429 518 4437 ——-

404 4528 430 4599 1)
453 4530 490 4579 Cf.
512 4532 609 4590 Caesar,
628 4532 655 4579 B.
680 4531 711 4579 G.
732 4532 764 4579 V.
785 4544 828 4593 24,
846 4545 890 4593 40,
909 4544 951 4594 47.

402 4618 431 4688 2)
453 4620 491 4669 Cf.
512 4622 581 4686 App.
601 4621 629 4669 Β.
651 4620 678 4671 C.
699 4621 734 4679 11,
753 4632 795 4681 41.
