3292 5259
855 344 891 383 10

281 510 383 568 terea
416 521 486 568 una
520 496 631 569 modo
665 512 829 569 remanet
857 521 914 568 res
940 493 1115 593 gravioris
1143 493 1335 582 momenti,
1363 519 1459 593 quae

281 617 484 717 scrupulum
510 621 637 709 iniciat,
666 622 764 694 natio
792 619 925 693 scilicet
952 620 1063 707 ducis,
1092 620 1152 717 qui
1180 620 1215 691 in
1242 618 1358 692 reditu
1384 621 1457 694 Ro-

282 770 390 817 mano
427 744 597 817 exercitui
624 744 719 817 viam
757 745 991 818 monstrabat.
1023 744 1060 815 A
1088 741 1197 817 Floro
1226 741 1327 816 miles
1353 744 1457 816 Cras-

281 869 410 958 sianus,
442 895 464 942 a
489 866 678 942 Plutarcho
706 869 855 942 Mardus
880 866 1091 965 appellatur.
1122 868 1227 941 Hanc
1250 884 1458 974 controver-

281 995 372 1068 siam
414 994 581 1067 dirimere
626 994 761 1068 studuit
806 993 1081 1081 Freinshemius,
1126 993 1186 1090 qui
1223 1018 1290 1089 pro
1316 1011 1458 1085 Μάρδος

280 1120 426 1193 rescribi
460 1120 559 1193 iussit
586 1138 728 1214 Μάρσος
761 1130 810 1218 1),
840 1143 1044 1217 provocans
1068 1118 1115 1191 ad
1143 1118 1284 1191 Horatii
1312 1140 1457 1188 carmen

280 1246 334 1335 Ill,
365 1267 384 1338 5
411 1274 418 1319 :
762 1249 764 1253 ’

468 1372 624 1443 Mz'lesne
651 1371 784 1443 Crassi
804 1371 950 1467 conjuge
974 1370 1133 1441 barbara

415 1586 417 1590 Ι
474 1496 511 1567 T
505 1496 611 1590 arpis
635 1496 793 1567 marz'tus
837 1496 934 1567 vz'rrz'l
954 1504 988 1567 el
1005 1494 1166 1565 hostium
1192 1534 1243 1544 -

467 1621 543 1694 Pro
568 1622 672 1693 curia
698 1621 898 1716 diversique
922 1645 1037 1693 mores
1055 1628 1070 1689 !
1098 1660 1144 1670 -

471 1746 666 1818 Consenuz‘t
688 1771 887 1819 socerorum
912 1745 953 1816 in
977 1746 1095 1817 armz's

469 1871 543 1943 Sub
567 1896 648 1967 rege
671 1870 780 1942 Medo
804 1870 986 1941 Marsus
1013 1880 1047 1942 el
1067 1870 1226 1965 Apulus.

335 1995 412 2066 Sed
452 2020 579 2091 parum
605 1994 673 2066 hac
700 1994 905 2066 coniectura
930 1992 1146 2090 proficimus.
1182 1990 1288 2066 Nulla
1312 2007 1369 2065 est
1395 1992 1457 2065 du-

281 2119 426 2209 bitati0,
471 2120 556 2217 quin
596 2116 702 2191 lectio
746 2133 900 2207 Μάρδος,
936 2144 1029 2215 quae
1057 2119 1133 2192 sine
1158 2117 1397 2215 discrepantia
1422 2116 1457 2188 in

282 2245 448 2318 omnibus
475 2243 610 2317 MSS.
642 2243 895 2331 circumfertur,
913 2245 979 2341 ipsi
994 2242 1186 2317 Plutarcho
1202 2303 1209 2333 ,
1227 2268 1299 2316 non
1313 2240 1457 2341 librario

281 2370 423 2442 cuidam
449 2368 655 2441 dormitanti
683 2369 869 2443 debeatur.
927 2368 1027 2442 Tota
1054 2370 1148 2443 enim
1176 2366 1352 2441 Plutarchi
1380 2393 1457 2439 nar-

281 2495 373 2567 ratio
414 2494 550 2591 respuit
581 2494 832 2590 suspicionem,
864 2494 963 2590 quod
990 2492 1046 2567 ille
1075 2492 1223 2567 militem
1251 2495 1456 2566 Romanum

281 2621 330 2692 ob
358 2616 481 2693 oculos
510 2600 644 2691 habuit.
675 2619 735 2691 An
750 2619 817 2691 erit
831 2620 1039 2717 quisquam,
1057 2606 1256 2717 quicredat
1269 2618 1456 2692 adCrassi

281 2741 428 2816 militem
463 2743 659 2840 pertinere,
698 2743 797 2840 quod
823 2743 897 2815 dux
923 2741 980 2816 ille
1008 2744 1146 2817 nonnisi
1172 2759 1356 2817 catenatus
1380 2744 1453 2814 An-

280 2869 380 2942 tonio
408 2868 518 2941 fidem
550 2869 669 2941 iacere
697 2870 858 2965 potuisse
877 2869 1030 2941 dicitur?
1054 2873 1089 2967 2)
1112 2870 1259 2942 Homini
1278 2865 1447 2967 populari,

281 2993 401 3083 credo,
431 2991 488 3066 vel
517 2994 655 3091 absque
681 2991 828 3067 vinculis
853 2994 1032 3067 Antonius
1060 2994 1214 3068 confisus
1243 3011 1349 3068 esset.
1378 2991 1454 3065 Sed

181 3160 195 3179 a
277 3117 423 3192 ulterius
450 3144 577 3215 pergo.
609 3121 764 3193 Fontem
793 3116 969 3192 Plutarchi
997 3145 1143 3216 prorsus
1162 3121 1350 3217 ignorasse
1364 3133 1452 3216 puto

214 3308 219 3317 .
277 3244 426 3315 militem
469 3244 711 3317 Crasszimum
752 3244 928 3317 Romanis
969 3244 1076 3316 luisse
1104 3260 1290 3317 auctorem
1318 3241 1451 3318 salutis.

280 3367 377 3461 Quid
406 3367 501 3439 enim
528 3392 660 3441 causae
682 3394 763 3440 esse
782 3368 953 3456 dicamus,
973 3394 1034 3440 cur
1048 3367 1265 3458 Plutarchus
1283 3368 1313 3440 si
1327 3393 1456 3441 revera

278 3492 347 3565 hoc
375 3493 409 3563 in
438 3490 607 3588 exemplo
626 3519 692 3565 suo
711 3490 870 3589 legisset,
891 3490 1032 3567 silentio
1052 3495 1263 3591 praeteriret
1281 3518 1359 3567 rem
1378 3508 1453 3565 tam

192 3677 194 3680 .
278 3618 424 3704 miram,
468 3632 544 3689 tam
582 3633 707 3712 aptam
736 3617 790 3689 ad
821 3619 961 3691 animos
990 3619 1293 3691 commovendos?
1328 3619 1454 3714 ltaque

279 3766 351 3812 non
382 3740 604 3835 tangendam
638 3767 769 3815 censeo
805 3740 996 3816 lectionem
1034 3742 1230 3842 vulgatam,
1259 3770 1354 3841 quae
1382 3768 1454 3815 non

278 3879 416 3937 tantum
445 3866 600 3960 genuina
628 3880 664 3937 et
689 3866 828 3939 sincera
849 3868 931 3939 mihi
953 3869 1104 3957 videtur,
1129 3868 1328 3942 sedetiam
1343 3868 1452 3941 maio-

278 4015 355 4063 rem
400 3991 511 4063 habet
553 3991 627 4063 veri
660 3991 818 4088 speciem
845 4018 954 4089 quam
982 3994 1028 4080 id,
1057 3992 1156 4090 quod
1182 3994 1281 4090 apud
1306 3992 1453 4066 Florum

277 4117 449 4212 scriptum
474 4130 603 4188 exstat.
635 4116 740 4188 Unde
769 4116 864 4188 enim
891 4118 1019 4213 peritia
1046 4115 1104 4190 illa
1131 4116 1292 4191 locorum
1306 4118 1453 4191 Mediae

278 4241 313 4313 in
359 4239 468 4314 milite
514 4242 650 4329 Marso
699 4242 758 4337 qui
789 4268 870 4314 cum
898 4243 1026 4315 ceteris
1055 4244 1204 4341 captivis
1232 4245 1266 4315 in
1291 4241 1453 4315 ultimam

183 4409 186 4413 -
278 4364 468 4455 Parthiam,
496 4366 531 4437 in
558 4367 684 4439 urbem
713 4367 943 4439 Antiochiam
962 4369 1190 4467 Margianam
1209 4384 1307 4441 esset
1321 4368 1453 4441 deduc·

278 4514 479 4523 ---—.—-

317 4570 341 4632 1)
379 4572 445 4621 Vide
464 4574 517 4622 eius
536 4580 622 4621 notam
641 4573 673 4622 ad
693 4572 797 4621 Florum
816 4572 863 4631 IV,
886 4584 926 4631 10,
944 4587 969 4633 4.

314 4662 339 4722 2)
376 4661 443 4710 Vide
462 4663 526 4711 Plut.
546 4664 605 4709 Ant.
625 4675 667 4723 41.
