3292 5259
813 231 815 235 .
856 264 892 329 ¹4

287 416 406 525 egisse
444 430 594 515 constat,
639 441 675 498 et
717 451 858 498 mecum
904 427 1037 500 senties
1078 442 1224 501 causam
1264 414 1355 517 esse,
1399 442 1466 501 c'ur

286 554 548 626 subirascamur
572 552 745 647 temporis
771 555 1007 649 lortunaeque
1036 553 1181 627 iniuriae
1210 571 1247 625 et
1274 554 1461 650 iniquitati,

287 678 414 775 quibus
440 693 495 751 tot
521 693 685 749 veterum
713 691 946 749 monumenta
973 678 1164 774 absumpta
1189 693 1280 751 sunt.

341 803 468 875 Omnis
496 802 570 874 fere
597 816 722 885 ,nostra
749 801 876 874 notitia
907 817 1047 874 constat
1060 801 1206 891 indiciis,
1236 802 1460 893 testimoniis,

286 927 546 1001 narrationibus
574 925 727 1022 sparsim
755 925 835 997 hinc
861 922 951 997 illinc
976 923 1132 999 collectis
1152 941 1188 998 et
1207 926 1463 999 consarcinatis

287 1076 334 1125 ex
378 1076 512 1147 magna
547 1050 760 1147 scriptorum
792 1050 978 1138 varietate,
1027 1075 1179 1147 quorum
1208 1068 1463 1148 argumentum

279 1176 409 1273 ,vetuit
438 1202 483 1249 ne
510 1201 568 1250 res
596 1174 779 1247 Parthicas
807 1171 947 1248 silentio
972 1174 1217 1270 praeterirent.
1249 1175 1334 1264 Sic,
1350 1192 1389 1247 ut
1414 1203 1463 1248 ex

288 1328 423 1399 magno
451 1328 576 1376 eorum
602 1326 752 1373 numero
781 1326 917 1397 paucos
944 1324 1239 1388 commemorem,
1279 1299 1459 1397 Polybius,

287 1427 503 1517 Plutarchus,
541 1410 615 1499 Dio
642 1426 797 1513 Cassius,
830 1424 972 1499 Flavius
1001 1426 1185 1522 losephuS,
1218 1426 1459 1516 Herodianus,

179 1612 181 1619 .
287 1554 446 1642 Tacitus,
477 1553 690 1660 Ammianus
718 1549 944 1624 Marcellinus
972 1577 1044 1623 non
1061 1567 1255 1648 potuerunt
1274 1578 1345 1625 non
1360 1552 1462 1624 attin·

287 1705 376 1776 gere
421 1704 479 1751 res
522 1693 646 1776 gestas
675 1655 898 1772 Parthorum,
935 1692 1111 1775 quatenus
1139 1678 1211 1750 suis
1249 1703 1330 1749 cum
1355 1678 1462 1750 rebus

288 1802 532 1876 cohaererent,
590 1803 666 1875 Sed
695 1828 741 1875 ex
769 1801 961 1881 communi,
977 1800 1172 1875 litterarum
1202 1804 1389 1900 naufragio
1417 1830 1463 1878 ne

244 2009 247 2015 ,
287 1956 376 2002 unus
396 1930 543 2028 quidem
561 1945 687 2002 auctor
705 1927 783 2002 tulit
802 1944 972 2018 aetatem,
1000 1929 1060 2027 qui
1079 1926 1296 2025 peculiarem
1306 1928 1462 2003 libellum

289 2055 335 2127 de
379 2055 592 2134 Parthorum
637 2072 748 2152 gente
785 2056 985 2129 condiderit
1012 2055 1118 2153 quive
1146 2054 1359 2151 perpetuum
1388 2056 1463 2129 eius

287 2179 457 2253 historiae
484 2196 716 2277 conspectum
734 2180 916 2279 reliquerit
934 2180 1146 2277 posteritati,
1175 2180 1240 2251 nisi
1260 2180 1352 2253 forte
1372 2182 1464 2253 exci-

285 2285 366 2400 pias
385 2304 503 2401 Trogi
517 2306 668 2402 Pompei
682 2304 861 2404 reliquias
893 2330 982 2404 quas
997 2304 1147 2376 lustinus
1163 2304 1265 2377 nobis
1294 2306 1461 2378 servavit.

279 2429 358 2501 ‘Hie
397 2430 544 2526 quidem
586 2430 726 2503 duobus
764 2429 861 2502 libris
886 2429 982 2502 haud
1011 2430 1060 2502 ita
1087 2429 1228 2527 magnis
1254 2428 1464 2527 complexus

289 2569 345 2626 est
381 2569 495 2627 totam
535 2554 718 2628 historiam
761 2555 845 2627 inde
873 2581 895 2627 a
922 2554 1025 2651 regni
1050 2554 1253 2651 primordiis
1277 2582 1391 2653 usque
1416 2555 1464 2627 ad

289 2659 481 2751 Phra'atem
506 2679 565 2768 IV,
611 2695 648 2752 et
673 2661 831 2775 priorum
859 2677 987 2752 saltem
1013 2696 1218 2775 temporum
1242 2681 1315 2753 fere
1343 2669 1461 2752 unicus

289 2804 391 2877 testis
432 2804 535 2881 nobis
586 2805 710 2895 adest,
750 2819 889 2877 tantam
916 2830 1004 2877 vero
1031 2821 1147 2877 —ut
1175 2807 1319 2902 proprio
1344 2803 1457 2899 capite

290 2929 547 3040 demonstraho
588 2974 639 2983 --
682 2928 842 3003 exhibuit
885 2927 1144 3027 negligentiam
1184 2946 1222 3003 et
1246 2928 1458 3016 socordiam,

289 3069 328 3125 ut
373 3054 510 3126 nonnisi
550 3070 654 3128 caute
680 3070 717 3128 et
744 3054 1001 3153 circumspecte
1029 3056 1247 3129 audiendum
1273 3082 1356 3128 eum
1383 3079 1463 3128 esse
1498 3138 1503 3147 ι

290 3177 452 3251 iudicem.

295 3396 303 3409 ί
343 3302 534 3401 Reliquum
581 3319 646 3392 est,
691 3319 729 3376 ut
770 3307 905 3379 mentio
942 3305 1004 3378 fiat
1038 3332 1275 3396 nummorum,
1312 3328 1466 3404 quorum

290 3455 425 3526 magna
467 3430 572 3526 copia
613 3431 660 3502 ad
705 3436 865 3507 nostram
899 3432 1063 3528 pervenit
1101 3447 1269 3505 aetatem.
1327 3432 1466 3502 Paucos

291 3578 419 3625 aereos
459 3554 488 3625 si
526 3554 694 3651 excipias,
731 3581 858 3629 omnes
893 3555 1104 3629 Parthorum
1141 3556 1275 3628 nummi
1303 3554 1467 3651 argentei

291 3692 381 3765 sunt,
427 3703 579 3775 quorum
619 3676 752 3776 duplex
793 3705 909 3777 genus
949 3681 1099 3753 discerni
1137 3697 1269 3778 potest,
1312 3679 1466 3753 alterum
1524 3716 1529 3721 ·

292 3801 550 3889 drachmarum,
582 3827 675 3899 quae
701 3804 931 3900 exipsorum
959 3831 1087 3902 regum
1114 3806 1261 3879 officinis
1289 3806 1466 3901 originem
1498 3831 1502 3842 ¹

292 3926 433 4015 ducunt,
467 3923 617 3998 alterum
645 3928 828 4001 continens
847 3931 1122 4020 tetradrachma,
1154 3957 1239 4004 cusa
1268 3958 1290 4003 a
1315 3930 1467 4005 Graecis

291 4050 501 4139 civitatibus
536 4052 663 4149 quibus
696 4054 742 4126 ab
775 4054 959 4128 Arsacidis
978 4082 1205 4128 nummorum
1224 4056 1466 4129 feriundorum

291 4177 344 4248 ius
369 4176 588 4271 impertitum
621 4177 727 4251 fuisse
746 4178 889 4251 videtur
909 4182 956 4275 1).
986 4181 1151 4253 Cernitur
1166 4182 1200 4253 in
1214 4197 1318 4277 parte
1338 4205 1467 4254 aversa

290 4316 434 4399 praeter
466 4326 655 4376 commune
682 4304 800 4400 stirpis
825 4328 957 4378 nomen
983 4329 1195 4382 ΛΡΣΑΚΟΥ
1217 4304 1329 4403 longa
1355 4304 1467 4377 series

291 4490 477 4501 n———u-

331 4590 357 4653 r)
396 4581 502 4636 Eckhel.
522 4585 610 4634 Doctr.
628 4585 684 4639 Vet.
705 4585 784 4637 Num.
804 4586 855 4646 ΙΙΙ,
875 4597 935 4650 549·
