<?xml version="1.0" encoding="UTF-8"?>
<!DOCTYPE html PUBLIC "-//W3C//DTD XHTML 1.0 Transitional//EN"
    "http://www.w3.org/TR/xhtml1/DTD/xhtml1-transitional.dtd">
<html xmlns="http://www.w3.org/1999/xhtml" xml:lang="en" lang="en">
 <head>
  <title>
</title>
<meta http-equiv="Content-Type" content="text/html;charset=utf-8" />
  <meta name='ocr-system' content='tesseract 3.04.00' />
  <meta name='ocr-capabilities' content='ocr_page ocr_carea ocr_par ocr_line ocrx_word'/>
</head>
<body>
  <div class='ocr_page' id='page_1' title='image "./quaestionespart00fenngoog_0114.png"; bbox 0 0 3292 5259; ppageno 0'>
   <div class='ocr_carea' id='block_1_1' title="bbox 815 331 853 406">
    <p class='ocr_par' dir='ltr' id='par_1_1' title="bbox 815 331 853 406">
     <span class='ocr_line' id='line_1_1' title="bbox 815 331 853 406; baseline 0 -18"><span class='ocrx_word' id='word_1_1' title='bbox 815 331 853 406; x_wconf 86' lang='lat'><strong>98</strong></span> 
     </span>
    </p>
   </div>
   <div class='ocr_carea' id='block_1_2' title="bbox 163 499 1416 3581">
    <p class='ocr_par' dir='ltr' id='par_1_2' title="bbox 229 499 1411 1220">
     <span class='ocr_line' id='line_1_2' title="bbox 251 499 1409 599; baseline -0.004 -24"><span class='ocrx_word' id='word_1_2' title='bbox 251 555 255 564; x_wconf 77' lang='lat'><strong>·</strong></span> <span class='ocrx_word' id='word_1_3' title='bbox 284 505 341 575; x_wconf 87' lang='lat' dir='ltr'><strong>Ex</strong></span> <span class='ocrx_word' id='word_1_4' title='bbox 377 503 553 588; x_wconf 70' lang='lat' dir='ltr'><strong>omnibus</strong></span> <span class='ocrx_word' id='word_1_5' title='bbox 585 526 679 599; x_wconf 87' lang='lat' dir='ltr'><strong>quae</strong></span> <span class='ocrx_word' id='word_1_6' title='bbox 707 500 890 597; x_wconf 88' lang='lat' dir='ltr'><strong>hucusque</strong></span> <span class='ocrx_word' id='word_1_7' title='bbox 916 499 1078 594; x_wconf 77' lang='lat' dir='ltr'>exposui,</span> <span class='ocrx_word' id='word_1_8' title='bbox 1110 499 1184 571; x_wconf 92' lang='lat' dir='ltr'><strong>iure</strong></span> <span class='ocrx_word' id='word_1_9' title='bbox 1209 524 1252 571; x_wconf 89' lang='lat' dir='ltr'><strong>ac</strong></span> <span class='ocrx_word' id='word_1_10' title='bbox 1281 501 1409 571; x_wconf 91' lang='lat' dir='ltr'><strong>merito</strong></span> 
     </span>
     <span class='ocr_line' id='line_1_3' title="bbox 231 622 1409 724; baseline -0.003 -24"><span class='ocrx_word' id='word_1_11' title='bbox 231 626 400 724; x_wconf 81' lang='lat' dir='ltr'>colligere</span> <span class='ocrx_word' id='word_1_12' title='bbox 430 626 514 698; x_wconf 94' lang='lat' dir='ltr'><strong>mihi</strong></span> <span class='ocrx_word' id='word_1_13' title='bbox 547 626 674 698; x_wconf 90' lang='lat' dir='ltr'><strong>videor</strong></span> <span class='ocrx_word' id='word_1_14' title='bbox 688 624 872 697; x_wconf 80' lang='lat' dir='ltr'><strong>Ciceronis</strong></span> <span class='ocrx_word' id='word_1_15' title='bbox 892 648 950 695; x_wconf 90' lang='lat' dir='ltr'><strong>res</strong></span> <span class='ocrx_word' id='word_1_16' title='bbox 969 638 1104 718; x_wconf 70' lang='lat' dir='ltr'><strong>gestas</strong></span> <span class='ocrx_word' id='word_1_17' title='bbox 1126 624 1155 695; x_wconf 92' lang='lat' dir='ltr'><strong>si</strong></span> <span class='ocrx_word' id='word_1_18' title='bbox 1174 622 1222 696; x_wconf 90' lang='lat' dir='ltr'><strong>ad</strong></span> <span class='ocrx_word' id='word_1_19' title='bbox 1240 625 1409 696; x_wconf 78' lang='lat' dir='ltr'>historiae</span> 
     </span>
     <span class='ocr_line' id='line_1_4' title="bbox 230 745 1410 848; baseline -0.004 -24"><span class='ocrx_word' id='word_1_20' title='bbox 230 752 339 824; x_wconf 85' lang='lat' dir='ltr'><strong>fidem</strong></span> <span class='ocrx_word' id='word_1_21' title='bbox 368 751 569 848; x_wconf 76' lang='lat' dir='ltr'>exigantur,</span> <span class='ocrx_word' id='word_1_22' title='bbox 600 775 793 846; x_wconf 83' lang='lat' dir='ltr'>perparum</span> <span class='ocrx_word' id='word_1_23' title='bbox 825 745 882 820; x_wconf 89' lang='lat' dir='ltr'><strong>vel</strong></span> <span class='ocrx_word' id='word_1_24' title='bbox 902 745 984 819; x_wconf 88' lang='lat' dir='ltr'><strong>nihil</strong></span> <span class='ocrx_word' id='word_1_25' title='bbox 999 745 1190 820; x_wconf 84' lang='lat' dir='ltr'><strong>contulisse</strong></span> <span class='ocrx_word' id='word_1_26' title='bbox 1209 747 1257 819; x_wconf 92' lang='lat' dir='ltr'><strong>ad</strong></span> <span class='ocrx_word' id='word_1_27' title='bbox 1272 747 1410 821; x_wconf 83' lang='lat' dir='ltr'>felicem</span> 
     </span>
     <span class='ocr_line' id='line_1_5' title="bbox 229 871 1406 958; baseline -0.005 -9"><span class='ocrx_word' id='word_1_28' title='bbox 229 874 312 949; x_wconf 93' lang='lat' dir='ltr'><strong>belli</strong></span> <span class='ocrx_word' id='word_1_29' title='bbox 349 876 494 947; x_wconf 90' lang='lat' dir='ltr'><strong>exitum.</strong></span> <span class='ocrx_word' id='word_1_30' title='bbox 530 874 600 946; x_wconf 94' lang='lat' dir='ltr'><strong>Uni</strong></span> <span class='ocrx_word' id='word_1_31' title='bbox 640 875 793 946; x_wconf 92' lang='lat' dir='ltr'><strong>debetur</strong></span> <span class='ocrx_word' id='word_1_32' title='bbox 828 873 943 946; x_wconf 90' lang='lat' dir='ltr'><strong>omnis</strong></span> <span class='ocrx_word' id='word_1_33' title='bbox 975 871 1053 945; x_wconf 89' lang='lat' dir='ltr'><strong>laus</strong></span> <span class='ocrx_word' id='word_1_34' title='bbox 1078 888 1116 944; x_wconf 94' lang='lat' dir='ltr'><strong>et</strong></span> <span class='ocrx_word' id='word_1_35' title='bbox 1141 873 1257 944; x_wconf 89' lang='lat' dir='ltr'><strong>omnis</strong></span> <span class='ocrx_word' id='word_1_36' title='bbox 1283 872 1406 958; x_wconf 91' lang='lat' dir='ltr'><strong>honor,</strong></span> 
     </span>
     <span class='ocr_line' id='line_1_6' title="bbox 232 994 1411 1096; baseline -0.005 -22"><span class='ocrx_word' id='word_1_37' title='bbox 232 1001 272 1074; x_wconf 86' lang='lat' dir='ltr'><strong>C.</strong></span> <span class='ocrx_word' id='word_1_38' title='bbox 309 999 447 1083; x_wconf 87' lang='lat' dir='ltr'><strong>Cassio,</strong></span> <span class='ocrx_word' id='word_1_39' title='bbox 492 999 571 1070; x_wconf 92' lang='lat' dir='ltr'><strong>duci</strong></span> <span class='ocrx_word' id='word_1_40' title='bbox 604 999 769 1096; x_wconf 86' lang='lat' dir='ltr'><strong>egregi0,</strong></span> <span class='ocrx_word' id='word_1_41' title='bbox 799 997 860 1095; x_wconf 91' lang='lat' dir='ltr'><strong>qui</strong></span> <span class='ocrx_word' id='word_1_42' title='bbox 888 997 1016 1069; x_wconf 91' lang='lat' dir='ltr'><strong>ceteris</strong></span> <span class='ocrx_word' id='word_1_43' title='bbox 1041 996 1286 1068; x_wconf 81' lang='lat' dir='ltr'><strong>desidentibus</strong></span> <span class='ocrx_word' id='word_1_44' title='bbox 1314 994 1411 1068; x_wconf 90' lang='lat' dir='ltr'><strong>solus</strong></span> 
     </span>
     <span class='ocr_line' id='line_1_7' title="bbox 230 1119 1344 1220; baseline -0.005 -23"><span class='ocrx_word' id='word_1_45' title='bbox 230 1151 271 1198; x_wconf 91' lang='lat' dir='ltr'><strong>se</strong></span> <span class='ocrx_word' id='word_1_46' title='bbox 297 1124 461 1220; x_wconf 90' lang='lat' dir='ltr'><strong>praebuit</strong></span> <span class='ocrx_word' id='word_1_47' title='bbox 488 1123 727 1196; x_wconf 83' lang='lat' dir='ltr'><strong>firmissimum</strong></span> <span class='ocrx_word' id='word_1_48' title='bbox 756 1120 972 1217; x_wconf 87' lang='lat' dir='ltr'><strong>praesidium</strong></span> <span class='ocrx_word' id='word_1_49' title='bbox 1001 1119 1153 1192; x_wconf 92' lang='lat' dir='ltr'><strong>nominis</strong></span> <span class='ocrx_word' id='word_1_50' title='bbox 1179 1121 1344 1192; x_wconf 87' lang='lat' dir='ltr'><strong>Romani.</strong></span> 
     </span>
    </p>

    <p class='ocr_par' dir='ltr' id='par_1_3' title="bbox 163 1232 1414 2709">
     <span class='ocr_line' id='line_1_8' title="bbox 285 1232 1412 1340; baseline -0.003 -21"><span class='ocrx_word' id='word_1_51' title='bbox 285 1249 372 1321; x_wconf 87' lang='lat' dir='ltr'><strong>Post</strong></span> <span class='ocrx_word' id='word_1_52' title='bbox 405 1248 618 1320; x_wconf 82' lang='lat' dir='ltr'><strong>Parthorum</strong></span> <span class='ocrx_word' id='word_1_53' title='bbox 665 1246 863 1318; x_wconf 87' lang='lat' dir='ltr'><strong>discessum</strong></span> <span class='ocrx_word' id='word_1_54' title='bbox 898 1246 1026 1318; x_wconf 86' lang='lat' dir='ltr'><strong>Cicero</strong></span> <span class='ocrx_word' id='word_1_55' title='bbox 1055 1243 1253 1340; x_wconf 83' lang='lat' dir='ltr'><strong>ingreditur</strong></span> <span class='ocrx_word' id='word_1_56' title='bbox 1279 1232 1412 1317; x_wconf 87' lang='lat' dir='ltr'><strong>bellum</strong></span> 
     </span>
     <span class='ocr_line' id='line_1_9' title="bbox 163 1370 1408 1470; baseline 0.002 -31"><span class='ocrx_word' id='word_1_57' title='bbox 163 1435 165 1439; x_wconf 87' lang='grc'><em>,</em></span> <span class='ocrx_word' id='word_1_58' title='bbox 230 1372 315 1446; x_wconf 92' lang='lat' dir='ltr'><strong>illud</strong></span> <span class='ocrx_word' id='word_1_59' title='bbox 343 1374 461 1446; x_wconf 91' lang='lat' dir='ltr'><strong>dicam</strong></span> <span class='ocrx_word' id='word_1_60' title='bbox 489 1399 535 1445; x_wconf 94' lang='lat' dir='ltr'><strong>an</strong></span> <span class='ocrx_word' id='word_1_61' title='bbox 560 1370 831 1470; x_wconf 85' lang='lat' dir='ltr'><strong>populationem</strong></span> <span class='ocrx_word' id='word_1_62' title='bbox 856 1371 891 1442; x_wconf 95' lang='lat' dir='ltr'><strong>in</strong></span> <span class='ocrx_word' id='word_1_63' title='bbox 919 1386 1042 1443; x_wconf 93' lang='lat' dir='ltr'><strong>monte</strong></span> <span class='ocrx_word' id='word_1_64' title='bbox 1071 1370 1227 1457; x_wconf 86' lang='lat' dir='ltr'><strong>Aman0,</strong></span> <span class='ocrx_word' id='word_1_65' title='bbox 1263 1370 1310 1442; x_wconf 91' lang='lat' dir='ltr'><strong>de</strong></span> <span class='ocrx_word' id='word_1_66' title='bbox 1325 1396 1408 1467; x_wconf 83' lang='lat' dir='ltr'><strong>qun,</strong></span> 
     </span>
     <span class='ocr_line' id='line_1_10' title="bbox 231 1487 1412 1595; baseline -0.003 -26"><span class='ocrx_word' id='word_1_67' title='bbox 231 1497 524 1595; x_wconf 90' lang='lat' dir='ltr'><strong>quandoquidem</strong></span> <span class='ocrx_word' id='word_1_68' title='bbox 558 1496 605 1568; x_wconf 92' lang='lat' dir='ltr'><strong>ad</strong></span> <span class='ocrx_word' id='word_1_69' title='bbox 637 1522 758 1569; x_wconf 92' lang='lat' dir='ltr'><strong>meum</strong></span> <span class='ocrx_word' id='word_1_70' title='bbox 791 1494 1016 1591; x_wconf 90' lang='lat' dir='ltr'><strong>propositum</strong></span> <span class='ocrx_word' id='word_1_71' title='bbox 1054 1519 1125 1566; x_wconf 94' lang='lat' dir='ltr'><strong>non</strong></span> <span class='ocrx_word' id='word_1_72' title='bbox 1166 1494 1258 1583; x_wconf 82' lang='lat' dir='ltr'><strong>lacit,</strong></span> <span class='ocrx_word' id='word_1_73' title='bbox 1287 1487 1412 1567; x_wconf 85' lang='lat' dir='ltr'><strong>¹multis</strong></span> 
     </span>
     <span class='ocr_line' id='line_1_11' title="bbox 232 1619 1412 1718; baseline -0.003 -25"><span class='ocrx_word' id='word_1_74' title='bbox 232 1622 409 1694; x_wconf 90' lang='lat' dir='ltr'><strong>disserere</strong></span> <span class='ocrx_word' id='word_1_75' title='bbox 448 1621 681 1718; x_wconf 82' lang='lat' dir='ltr'><strong>supersedeo</strong></span> <span class='ocrx_word' id='word_1_76' title='bbox 733 1620 771 1692; x_wconf 96' lang='lat' dir='ltr'><strong>ld</strong></span> <span class='ocrx_word' id='word_1_77' title='bbox 814 1635 954 1692; x_wconf 88' lang='lat' dir='ltr'><strong>tantum</strong></span> <span class='ocrx_word' id='word_1_78' title='bbox 985 1644 1231 1691; x_wconf 89' lang='lat' dir='ltr'><strong>commemoro</strong></span> <span class='ocrx_word' id='word_1_79' title='bbox 1266 1645 1349 1692; x_wconf 90' lang='lat' dir='ltr'><strong>eum</strong></span> <span class='ocrx_word' id='word_1_80' title='bbox 1377 1619 1412 1690; x_wconf 92' lang='lat' dir='ltr'><strong>in</strong></span> 
     </span>
     <span class='ocr_line' id='line_1_12' title="bbox 232 1743 1409 1843; baseline -0.002 -25"><span class='ocrx_word' id='word_1_81' title='bbox 232 1745 382 1819; x_wconf 90' lang='lat' dir='ltr'><strong>diversis</strong></span> <span class='ocrx_word' id='word_1_82' title='bbox 416 1743 575 1843; x_wconf 87' lang='lat' dir='ltr'><strong>epistolis</strong></span> <span class='ocrx_word' id='word_1_83' title='bbox 623 1749 656 1841; x_wconf 90' lang='lat'><strong>1)</strong></span> <span class='ocrx_word' id='word_1_84' title='bbox 697 1770 843 1817; x_wconf 90' lang='lat' dir='ltr'><strong>onmem</strong></span> <span class='ocrx_word' id='word_1_85' title='bbox 881 1744 953 1816; x_wconf 92' lang='lat' dir='ltr'><strong>vim</strong></span> <span class='ocrx_word' id='word_1_86' title='bbox 992 1743 1163 1816; x_wconf 87' lang='lat' dir='ltr'><strong>orationis</strong></span> <span class='ocrx_word' id='word_1_87' title='bbox 1204 1743 1409 1831; x_wconf 90' lang='lat' dir='ltr'><strong>intendisse,</strong></span> 
     </span>
     <span class='ocr_line' id='line_1_13' title="bbox 231 1867 1409 1966; baseline -0.002 -24"><span class='ocrx_word' id='word_1_88' title='bbox 231 1886 271 1943; x_wconf 98' lang='lat' dir='ltr'><strong>ut</strong></span> <span class='ocrx_word' id='word_1_89' title='bbox 307 1869 434 1942; x_wconf 87' lang='lat' dir='ltr'><strong>vividis</strong></span> <span class='ocrx_word' id='word_1_90' title='bbox 465 1886 502 1943; x_wconf 90' lang='lat' dir='ltr'><strong>et</strong></span> <span class='ocrx_word' id='word_1_91' title='bbox 535 1867 737 1966; x_wconf 89' lang='lat' dir='ltr'><strong>splendidis</strong></span> <span class='ocrx_word' id='word_1_92' title='bbox 765 1867 943 1941; x_wconf 91' lang='lat' dir='ltr'><strong>coloribus</strong></span> <span class='ocrx_word' id='word_1_93' title='bbox 972 1869 1067 1942; x_wconf 87' lang='lat' dir='ltr'><strong>facta</strong></span> <span class='ocrx_word' id='word_1_94' title='bbox 1092 1894 1158 1940; x_wconf 91' lang='lat' dir='ltr'><strong>sua</strong></span> <span class='ocrx_word' id='word_1_95' title='bbox 1183 1868 1409 1964; x_wconf 82' lang='lat' dir='ltr'><strong>depingeret,</strong></span> 
     </span>
     <span class='ocr_line' id='line_1_14' title="bbox 234 1992 1413 2091; baseline 0.003 -27"><span class='ocrx_word' id='word_1_96' title='bbox 234 2018 386 2090; x_wconf 90' lang='lat' dir='ltr'><strong>quorum</strong></span> <span class='ocrx_word' id='word_1_97' title='bbox 414 2019 554 2066; x_wconf 87' lang='lat' dir='ltr'><strong>summa</strong></span> <span class='ocrx_word' id='word_1_98' title='bbox 582 2020 629 2066; x_wconf 93' lang='lat' dir='ltr'><strong>eo</strong></span> <span class='ocrx_word' id='word_1_99' title='bbox 658 1994 869 2081; x_wconf 84' lang='lat' dir='ltr'><strong>continetur,</strong></span> <span class='ocrx_word' id='word_1_100' title='bbox 913 2009 952 2066; x_wconf 93' lang='lat' dir='ltr'><strong>ut</strong></span> <span class='ocrx_word' id='word_1_101' title='bbox 976 1992 1093 2066; x_wconf 91' lang='lat' dir='ltr'><strong>multis</strong></span> <span class='ocrx_word' id='word_1_102' title='bbox 1119 1992 1274 2067; x_wconf 88' lang='lat' dir='ltr'><strong>castellis</strong></span> <span class='ocrx_word' id='word_1_103' title='bbox 1299 1995 1413 2091; x_wconf 93' lang='lat' dir='ltr'><strong>captis</strong></span> 
     </span>
     <span class='ocr_line' id='line_1_15' title="bbox 233 2117 1410 2217; baseline 0.002 -27"><span class='ocrx_word' id='word_1_104' title='bbox 233 2133 271 2190; x_wconf 94' lang='lat' dir='ltr'><strong>et</strong></span> <span class='ocrx_word' id='word_1_105' title='bbox 297 2117 449 2189; x_wconf 91' lang='lat' dir='ltr'><strong>incensis</strong></span> <span class='ocrx_word' id='word_1_106' title='bbox 476 2143 508 2190; x_wconf 87' lang='lat' dir='ltr'><strong>a.</strong></span> <span class='ocrx_word' id='word_1_107' title='bbox 538 2118 574 2190; x_wconf 91' lang='lat' dir='ltr'><strong>d.</strong></span> <span class='ocrx_word' id='word_1_108' title='bbox 597 2119 639 2189; x_wconf 93' lang='grc' dir='ltr'><strong>ΙΙΙ</strong></span> <span class='ocrx_word' id='word_1_109' title='bbox 655 2118 705 2190; x_wconf 93' lang='lat' dir='ltr'><strong>ld.</strong></span> <span class='ocrx_word' id='word_1_110' title='bbox 728 2118 878 2206; x_wconf 80' lang='lat' dir='ltr'><strong>Octobr,</strong></span> <span class='ocrx_word' id='word_1_111' title='bbox 897 2118 1092 2214; x_wconf 91' lang='lat' dir='ltr'><strong>imperator</strong></span> <span class='ocrx_word' id='word_1_112' title='bbox 1104 2117 1278 2192; x_wconf 92' lang='lat' dir='ltr'><strong>salutatus</strong></span> <span class='ocrx_word' id='word_1_113' title='bbox 1297 2121 1343 2192; x_wconf 91' lang='lat' dir='ltr'><strong>sit</strong></span> <span class='ocrx_word' id='word_1_114' title='bbox 1361 2124 1410 2217; x_wconf 83' lang='lat'><strong>2),</strong></span> 
     </span>
     <span class='ocr_line' id='line_1_16' title="bbox 235 2240 1414 2341; baseline 0.003 -29"><span class='ocrx_word' id='word_1_115' title='bbox 235 2241 318 2313; x_wconf 91' lang='lat' dir='ltr'><strong>dein</strong></span> <span class='ocrx_word' id='word_1_116' title='bbox 360 2242 556 2314; x_wconf 87' lang='lat' dir='ltr'><strong>exercitum</strong></span> <span class='ocrx_word' id='word_1_117' title='bbox 600 2243 791 2316; x_wconf 84' lang='lat' dir='ltr'><strong>abduxerit</strong></span> <span class='ocrx_word' id='word_1_118' title='bbox 831 2243 866 2314; x_wconf 94' lang='lat' dir='ltr'><strong>in</strong></span> <span class='ocrx_word' id='word_1_119' title='bbox 905 2240 1230 2332; x_wconf 88' lang='lat' dir='ltr'><strong>Eleutherocilices,</strong></span> <span class='ocrx_word' id='word_1_120' title='bbox 1261 2244 1414 2341; x_wconf 91' lang='lat' dir='ltr'><strong>quorum</strong></span> 
     </span>
     <span class='ocr_line' id='line_1_17' title="bbox 234 2342 1412 2465; baseline -0.001 -26"><span class='ocrx_word' id='word_1_121' title='bbox 234 2366 408 2463; x_wconf 92' lang='lat' dir='ltr'><strong>oppidum</strong></span> <span class='ocrx_word' id='word_1_122' title='bbox 431 2366 682 2438; x_wconf 90' lang='lat' dir='ltr'><strong>Pindenissum</strong></span> <span class='ocrx_word' id='word_1_123' title='bbox 708 2367 768 2438; x_wconf 94' lang='lat' dir='ltr'><strong>diu</strong></span> <span class='ocrx_word' id='word_1_124' title='bbox 784 2342 950 2439; x_wconf 88' lang='lat' dir='ltr'><strong>omnibus</strong></span> <span class='ocrx_word' id='word_1_125' title='bbox 966 2367 1136 2441; x_wconf 90' lang='lat' dir='ltr'><strong>machinis</strong></span> <span class='ocrx_word' id='word_1_126' title='bbox 1150 2383 1412 2465; x_wconf 83' lang='lat' dir='ltr'><strong>oppugnatum,</strong></span> 
     </span>
     <span class='ocr_line' id='line_1_18' title="bbox 234 2490 1411 2590; baseline 0 -28"><span class='ocrx_word' id='word_1_127' title='bbox 234 2490 382 2563; x_wconf 90' lang='lat' dir='ltr'><strong>tandem</strong></span> <span class='ocrx_word' id='word_1_128' title='bbox 410 2490 469 2562; x_wconf 91' lang='lat' dir='ltr'><strong>die</strong></span> <span class='ocrx_word' id='word_1_129' title='bbox 494 2491 650 2587; x_wconf 91' lang='lat' dir='ltr'><strong>septimo</strong></span> <span class='ocrx_word' id='word_1_130' title='bbox 678 2506 715 2564; x_wconf 91' lang='lat' dir='ltr'><strong>et</strong></span> <span class='ocrx_word' id='word_1_131' title='bbox 740 2492 1043 2590; x_wconf 87' lang='lat' dir='ltr'><strong>quinquagesimo</strong></span> <span class='ocrx_word' id='word_1_132' title='bbox 1068 2491 1163 2588; x_wconf 92' lang='lat' dir='ltr'><strong>cepit</strong></span> <span class='ocrx_word' id='word_1_133' title='bbox 1181 2491 1319 2564; x_wconf 91' lang='lat' dir='ltr'><strong>circiter</strong></span> <span class='ocrx_word' id='word_1_134' title='bbox 1332 2517 1363 2564; x_wconf 90' lang='lat' dir='ltr'><strong>a.</strong></span> <span class='ocrx_word' id='word_1_135' title='bbox 1377 2491 1411 2562; x_wconf 90' lang='lat' dir='ltr'><strong>d.</strong></span> 
     </span>
     <span class='ocr_line' id='line_1_19' title="bbox 235 2611 603 2709; baseline 0.003 -25"><span class='ocrx_word' id='word_1_136' title='bbox 235 2613 325 2684; x_wconf 85' lang='lat' dir='ltr'><strong>XIX</strong></span> <span class='ocrx_word' id='word_1_137' title='bbox 352 2611 433 2685; x_wconf 91' lang='lat' dir='ltr'><strong>Kal.</strong></span> <span class='ocrx_word' id='word_1_138' title='bbox 464 2614 535 2685; x_wconf 90' lang='lat' dir='ltr'><strong>lan.</strong></span> <span class='ocrx_word' id='word_1_139' title='bbox 567 2617 603 2709; x_wconf 87' lang='lat'><strong>3)</strong></span> 
     </span>
    </p>

    <p class='ocr_par' dir='ltr' id='par_1_4' title="bbox 234 2736 1416 3581">
     <span class='ocr_line' id='line_1_20' title="bbox 287 2736 1416 2834; baseline 0.004 -26"><span class='ocrx_word' id='word_1_140' title='bbox 287 2736 497 2810; x_wconf 91' lang='lat' dir='ltr'><strong>Pindenisso</strong></span> <span class='ocrx_word' id='word_1_141' title='bbox 524 2752 631 2833; x_wconf 88' lang='lat' dir='ltr'><strong>capto</strong></span> <span class='ocrx_word' id='word_1_142' title='bbox 658 2739 855 2811; x_wconf 86' lang='lat' dir='ltr'><strong>exercitum</strong></span> <span class='ocrx_word' id='word_1_143' title='bbox 875 2740 909 2810; x_wconf 95' lang='lat' dir='ltr'><strong>in</strong></span> <span class='ocrx_word' id='word_1_144' title='bbox 932 2739 1081 2814; x_wconf 92' lang='lat' dir='ltr'><strong>hiberna</strong></span> <span class='ocrx_word' id='word_1_145' title='bbox 1101 2741 1234 2814; x_wconf 89' lang='lat' dir='ltr'><strong>dimisit</strong></span> <span class='ocrx_word' id='word_1_146' title='bbox 1248 2757 1284 2814; x_wconf 91' lang='lat' dir='ltr'><strong>et</strong></span> <span class='ocrx_word' id='word_1_147' title='bbox 1304 2742 1416 2834; x_wconf 84' lang='lat' dir='ltr'><strong>Quin-</strong></span> 
     </span>
     <span class='ocr_line' id='line_1_21' title="bbox 234 2860 1414 2963; baseline 0.006 -31"><span class='ocrx_word' id='word_1_148' title='bbox 234 2877 311 2932; x_wconf 91' lang='lat' dir='ltr'><strong>tum</strong></span> <span class='ocrx_word' id='word_1_149' title='bbox 346 2860 490 2933; x_wconf 88' lang='lat' dir='ltr'><strong>lratrem</strong></span> <span class='ocrx_word' id='word_1_150' title='bbox 524 2861 675 2957; x_wconf 83' lang='lat' dir='ltr'><strong>negotio</strong></span> <span class='ocrx_word' id='word_1_151' title='bbox 714 2863 933 2958; x_wconf 89' lang='lat' dir='ltr'><strong>praeposuit,</strong></span> <span class='ocrx_word' id='word_1_152' title='bbox 974 2880 1012 2936; x_wconf 93' lang='lat' dir='ltr'><strong>ut</strong></span> <span class='ocrx_word' id='word_1_153' title='bbox 1037 2864 1072 2935; x_wconf 93' lang='lat' dir='ltr'><strong>in</strong></span> <span class='ocrx_word' id='word_1_154' title='bbox 1097 2865 1185 2938; x_wconf 90' lang='lat' dir='ltr'><strong>vicis</strong></span> <span class='ocrx_word' id='word_1_155' title='bbox 1211 2881 1273 2938; x_wconf 92' lang='lat' dir='ltr'><strong>aut</strong></span> <span class='ocrx_word' id='word_1_156' title='bbox 1301 2868 1414 2963; x_wconf 92' lang='lat' dir='ltr'><strong>captis</strong></span> 
     </span>
     <span class='ocr_line' id='line_1_22' title="bbox 235 2967 1415 3085; baseline 0.005 -28"><span class='ocrx_word' id='word_1_157' title='bbox 235 3001 297 3057; x_wconf 91' lang='lat' dir='ltr'><strong>aut</strong></span> <span class='ocrx_word' id='word_1_158' title='bbox 320 2983 413 3057; x_wconf 88' lang='lat' dir='ltr'><strong>male</strong></span> <span class='ocrx_word' id='word_1_159' title='bbox 427 2986 564 3082; x_wconf 85' lang='lat' dir='ltr'><strong>pacatis</strong></span> <span class='ocrx_word' id='word_1_160' title='bbox 579 2986 709 3081; x_wconf 89' lang='lat' dir='ltr'><strong>copiae</strong></span> <span class='ocrx_word' id='word_1_161' title='bbox 724 2985 992 3061; x_wconf 89' lang='lat' dir='ltr'><strong>collocarentur.</strong></span> <span class='ocrx_word' id='word_1_162' title='bbox 1021 2989 1102 3085; x_wconf 90' lang='lat' dir='ltr'><strong>Ipse</strong></span> <span class='ocrx_word' id='word_1_163' title='bbox 1118 2967 1232 3062; x_wconf 89' lang='lat' dir='ltr'><strong>Nonis</strong></span> <span class='ocrx_word' id='word_1_164' title='bbox 1246 2991 1415 3064; x_wconf 91' lang='lat' dir='ltr'><strong>Ianuariis</strong></span> 
     </span>
     <span class='ocr_line' id='line_1_23' title="bbox 235 3109 1416 3206; baseline 0.008 -26"><span class='ocrx_word' id='word_1_165' title='bbox 235 3109 355 3181; x_wconf 89' lang='lat' dir='ltr'><strong>Tarso</strong></span> <span class='ocrx_word' id='word_1_166' title='bbox 380 3110 415 3180; x_wconf 93' lang='lat' dir='ltr'><strong>in</strong></span> <span class='ocrx_word' id='word_1_167' title='bbox 440 3109 569 3182; x_wconf 87' lang='lat' dir='ltr'><strong>Asiam</strong></span> <span class='ocrx_word' id='word_1_168' title='bbox 597 3111 777 3206; x_wconf 81' lang='lat' dir='ltr'><strong>profectus</strong></span> <span class='ocrx_word' id='word_1_169' title='bbox 814 3128 880 3199; x_wconf 80' lang='lat' dir='ltr'><strong>est,</strong></span> <span class='ocrx_word' id='word_1_170' title='bbox 912 3128 951 3184; x_wconf 95' lang='lat' dir='ltr'><strong>ut</strong></span> <span class='ocrx_word' id='word_1_171' title='bbox 976 3112 1023 3186; x_wconf 93' lang='lat' dir='ltr'><strong>ibi</strong></span> <span class='ocrx_word' id='word_1_172' title='bbox 1053 3128 1169 3186; x_wconf 91' lang='lat' dir='ltr'><strong>totum</strong></span> <span class='ocrx_word' id='word_1_173' title='bbox 1183 3141 1224 3188; x_wconf 91' lang='lat' dir='ltr'><strong>se</strong></span> <span class='ocrx_word' id='word_1_174' title='bbox 1238 3115 1416 3189; x_wconf 76' lang='lat' dir='ltr'><strong>conferret</strong></span> 
     </span>
     <span class='ocr_line' id='line_1_24' title="bbox 235 3233 1415 3333; baseline 0.007 -29"><span class='ocrx_word' id='word_1_175' title='bbox 235 3233 283 3305; x_wconf 86' lang='lat' dir='ltr'><strong>ad</strong></span> <span class='ocrx_word' id='word_1_176' title='bbox 311 3249 507 3305; x_wconf 89' lang='lat' dir='ltr'><strong>conventus</strong></span> <span class='ocrx_word' id='word_1_177' title='bbox 532 3235 708 3330; x_wconf 84' lang='lat' dir='ltr'><strong>agendos.</strong></span> <span class='ocrx_word' id='word_1_178' title='bbox 742 3238 780 3331; x_wconf 83' lang='lat'><strong>4)</strong></span> <span class='ocrx_word' id='word_1_179' title='bbox 813 3234 1010 3333; x_wconf 79' lang='lat' dir='ltr'><strong>Aliquanto</strong></span> <span class='ocrx_word' id='word_1_180' title='bbox 1038 3253 1123 3332; x_wconf 91' lang='lat' dir='ltr'><strong>post</strong></span> <span class='ocrx_word' id='word_1_181' title='bbox 1150 3282 1200 3291; x_wconf 91' lang='lat'>—</span> <span class='ocrx_word' id='word_1_182' title='bbox 1231 3238 1325 3311; x_wconf 86' lang='lat' dir='ltr'><strong>haud</strong></span> <span class='ocrx_word' id='word_1_183' title='bbox 1339 3241 1415 3313; x_wconf 92' lang='lat' dir='ltr'><strong>scio</strong></span> 
     </span>
     <span class='ocr_line' id='line_1_25' title="bbox 234 3358 1415 3460; baseline 0.005 -29"><span class='ocrx_word' id='word_1_184' title='bbox 234 3383 281 3431; x_wconf 85' lang='lat' dir='ltr'><strong>an</strong></span> <span class='ocrx_word' id='word_1_185' title='bbox 318 3383 442 3430; x_wconf 90' lang='lat' dir='ltr'><strong>mense</strong></span> <span class='ocrx_word' id='word_1_186' title='bbox 470 3358 668 3431; x_wconf 84' lang='lat' dir='ltr'><strong>Februario</strong></span> <span class='ocrx_word' id='word_1_187' title='bbox 698 3361 734 3454; x_wconf 86' lang='lat'><strong>5)</strong></span> <span class='ocrx_word' id='word_1_188' title='bbox 767 3404 817 3413; x_wconf 93' lang='lat'>—</span> <span class='ocrx_word' id='word_1_189' title='bbox 846 3360 955 3432; x_wconf 92' lang='lat' dir='ltr'><strong>totius</strong></span> <span class='ocrx_word' id='word_1_190' title='bbox 981 3362 1062 3434; x_wconf 92' lang='lat' dir='ltr'><strong>anni</strong></span> <span class='ocrx_word' id='word_1_191' title='bbox 1090 3363 1198 3435; x_wconf 91' lang='lat' dir='ltr'><strong>rebus</strong></span> <span class='ocrx_word' id='word_1_192' title='bbox 1225 3365 1339 3460; x_wconf 84' lang='lat' dir='ltr'><strong>gestis</strong></span> <span class='ocrx_word' id='word_1_193' title='bbox 1366 3367 1415 3437; x_wconf 89' lang='lat' dir='ltr'><strong>ad</strong></span> 
     </span>
     <span class='ocr_line' id='line_1_26' title="bbox 234 3482 1412 3581; baseline 0.006 -29"><span class='ocrx_word' id='word_1_194' title='bbox 234 3498 400 3554; x_wconf 92' lang='lat' dir='ltr'><strong>senatum</strong></span> <span class='ocrx_word' id='word_1_195' title='bbox 423 3482 628 3578; x_wconf 86' lang='lat' dir='ltr'><strong>perscriptis</strong></span> <span class='ocrx_word' id='word_1_196' title='bbox 649 3482 766 3577; x_wconf 83' lang='lat' dir='ltr'><strong>petiit,</strong></span> <span class='ocrx_word' id='word_1_197' title='bbox 789 3498 828 3554; x_wconf 93' lang='lat' dir='ltr'><strong>ut</strong></span> <span class='ocrx_word' id='word_1_198' title='bbox 841 3482 1054 3581; x_wconf 91' lang='lat' dir='ltr'><strong>supplicatio</strong></span> <span class='ocrx_word' id='word_1_199' title='bbox 1068 3486 1135 3558; x_wconf 90' lang='lat' dir='ltr'><strong>sibi</strong></span> <span class='ocrx_word' id='word_1_200' title='bbox 1150 3486 1412 3570; x_wconf 82' lang='lat' dir='ltr'><strong>decerneretur,</strong></span> 
     </span>
    </p>
   </div>
   <div class='ocr_carea' id='block_1_3' title="bbox 235 3665 1414 4700">
    <p class='ocr_par' dir='ltr' id='par_1_5' title="bbox 275 3665 1000 3730">
     <span class='ocr_line' id='line_1_27' title="bbox 275 3665 1000 3730; baseline 0.006 -17"><span class='ocrx_word' id='word_1_201' title='bbox 275 3668 299 3730; x_wconf 83' lang='lat'><strong>1)</strong></span> <span class='ocrx_word' id='word_1_202' title='bbox 320 3665 358 3714; x_wconf 85' lang='lat' dir='ltr'><strong>Cf.</strong></span> <span class='ocrx_word' id='word_1_203' title='bbox 377 3666 409 3713; x_wconf 88' lang='lat' dir='ltr'><strong>ad</strong></span> <span class='ocrx_word' id='word_1_204' title='bbox 429 3668 498 3714; x_wconf 86' lang='lat' dir='ltr'><strong>Fam.</strong></span> <span class='ocrx_word' id='word_1_205' title='bbox 520 3667 556 3724; x_wconf 89' lang='lat'><strong>11,</strong></span> <span class='ocrx_word' id='word_1_206' title='bbox 580 3679 628 3724; x_wconf 79' lang='lat'><strong>103</strong></span> <span class='ocrx_word' id='word_1_207' title='bbox 648 3665 704 3716; x_wconf 92' lang='lat' dir='ltr'><strong>XV.</strong></span> <span class='ocrx_word' id='word_1_208' title='bbox 725 3680 759 3726; x_wconf 88' lang='lat'><strong>4;</strong></span> <span class='ocrx_word' id='word_1_209' title='bbox 781 3666 814 3714; x_wconf 90' lang='lat' dir='ltr'><strong>ad</strong></span> <span class='ocrx_word' id='word_1_210' title='bbox 833 3669 885 3717; x_wconf 86' lang='lat' dir='ltr'><strong>An.</strong></span> <span class='ocrx_word' id='word_1_211' title='bbox 906 3667 936 3716; x_wconf 89' lang='lat' dir='ltr'><strong>V.</strong></span> <span class='ocrx_word' id='word_1_212' title='bbox 960 3681 1000 3718; x_wconf 87' lang='lat'><strong>20.</strong></span> 
     </span>
    </p>

    <p class='ocr_par' dir='ltr' id='par_1_6' title="bbox 235 3753 1414 4085">
     <span class='ocr_line' id='line_1_28' title="bbox 272 3753 1414 3822; baseline 0.005 -19"><span class='ocrx_word' id='word_1_213' title='bbox 272 3754 298 3819; x_wconf 81' lang='lat' dir='ltr'><strong>a)</strong></span> <span class='ocrx_word' id='word_1_214' title='bbox 318 3756 482 3818; x_wconf 84' lang='lat' dir='ltr'><strong>Quantopere</strong></span> <span class='ocrx_word' id='word_1_215' title='bbox 511 3754 587 3818; x_wconf 88' lang='lat' dir='ltr'><strong>plane</strong></span> <span class='ocrx_word' id='word_1_216' title='bbox 607 3753 700 3803; x_wconf 88' lang='lat' dir='ltr'><strong>nullius</strong></span> <span class='ocrx_word' id='word_1_217' title='bbox 716 3754 789 3818; x_wconf 90' lang='lat' dir='ltr'><strong>pretii</strong></span> <span class='ocrx_word' id='word_1_218' title='bbox 808 3755 836 3802; x_wconf 91' lang='lat' dir='ltr'><strong>id</strong></span> <span class='ocrx_word' id='word_1_219' title='bbox 855 3756 975 3820; x_wconf 88' lang='lat' dir='ltr'><strong>temporis</strong></span> <span class='ocrx_word' id='word_1_220' title='bbox 995 3766 1060 3806; x_wconf 88' lang='lat' dir='ltr'><strong>esset</strong></span> <span class='ocrx_word' id='word_1_221' title='bbox 1079 3757 1235 3822; x_wconf 88' lang='lat' dir='ltr'><strong>imperatoris</strong></span> <span class='ocrx_word' id='word_1_222' title='bbox 1256 3760 1348 3820; x_wconf 89' lang='lat' dir='ltr'><strong>titulus,</strong></span> <span class='ocrx_word' id='word_1_223' title='bbox 1368 3761 1414 3808; x_wconf 87' lang='lat' dir='ltr'><strong>do-</strong></span> 
     </span>
     <span class='ocr_line' id='line_1_29' title="bbox 236 3843 1413 3910; baseline 0.005 -18"><span class='ocrx_word' id='word_1_224' title='bbox 236 3851 293 3892; x_wconf 89' lang='lat' dir='ltr'><strong>cent</strong></span> <span class='ocrx_word' id='word_1_225' title='bbox 318 3844 403 3901; x_wconf 86' lang='lat' dir='ltr'><strong>verba,</strong></span> <span class='ocrx_word' id='word_1_226' title='bbox 420 3843 510 3907; x_wconf 91' lang='lat' dir='ltr'><strong>quibus</strong></span> <span class='ocrx_word' id='word_1_227' title='bbox 530 3843 621 3891; x_wconf 81' lang='lat' dir='ltr'><strong>Caesar</strong></span> <span class='ocrx_word' id='word_1_228' title='bbox 641 3843 731 3892; x_wconf 87' lang='lat' dir='ltr'><strong>acerba</strong></span> <span class='ocrx_word' id='word_1_229' title='bbox 749 3843 831 3891; x_wconf 88' lang='lat' dir='ltr'><strong>ironia</strong></span> <span class='ocrx_word' id='word_1_230' title='bbox 850 3844 997 3910; x_wconf 89' lang='lat' dir='ltr'><strong>Scipionem</strong></span> <span class='ocrx_word' id='word_1_231' title='bbox 1014 3846 1175 3910; x_wconf 89' lang='lat' dir='ltr'><strong>perstrinxit:</strong></span> <span class='ocrx_word' id='word_1_232' title='bbox 1196 3849 1236 3897; x_wconf 90' lang='lat' dir='ltr'><strong>De</strong></span> <span class='ocrx_word' id='word_1_233' title='bbox 1255 3848 1325 3898; x_wconf 92' lang='lat' dir='ltr'><strong>bello</strong></span> <span class='ocrx_word' id='word_1_234' title='bbox 1344 3850 1413 3898; x_wconf 85' lang='lat' dir='ltr'><strong>civili</strong></span> 
     </span>
     <span class='ocr_line' id='line_1_30' title="bbox 236 3930 1413 3995; baseline 0.008 -17"><span class='ocrx_word' id='word_1_235' title='bbox 236 3930 286 3978; x_wconf 91' lang='grc' dir='ltr'>ΙΙΙ.</span> <span class='ocrx_word' id='word_1_236' title='bbox 308 3943 359 3992; x_wconf 81' lang='lat'><strong>31:</strong></span> <span class='ocrx_word' id='word_1_237' title='bbox 380 3930 447 3987; x_wconf 87' lang='lat' dir='ltr'><strong>„His</strong></span> <span class='ocrx_word' id='word_1_238' title='bbox 467 3930 617 3993; x_wconf 80' lang='lat' dir='ltr'><strong>temporibus</strong></span> <span class='ocrx_word' id='word_1_239' title='bbox 637 3930 719 3995; x_wconf 82' lang='lat' dir='ltr'><strong>Scipio</strong></span> <span class='ocrx_word' id='word_1_240' title='bbox 739 3931 895 3980; x_wconf 79' lang='lat' dir='ltr'><strong>detrimentis</strong></span> <span class='ocrx_word' id='word_1_241' title='bbox 908 3933 1054 3995; x_wconf 82' lang='lat' dir='ltr'><strong>quibusdam</strong></span> <span class='ocrx_word' id='word_1_242' title='bbox 1074 3935 1141 3984; x_wconf 85' lang='lat' dir='ltr'><strong>circo</strong></span> <span class='ocrx_word' id='word_1_243' title='bbox 1160 3946 1265 3986; x_wconf 81' lang='lat' dir='ltr'><strong>montem</strong></span> <span class='ocrx_word' id='word_1_244' title='bbox 1284 3942 1413 3994; x_wconf 82' lang='lat' dir='ltr'><strong>Amanum</strong></span> 
     </span>
     <span class='ocr_line' id='line_1_31' title="bbox 235 4017 814 4085; baseline -0.005 -17"><span class='ocrx_word' id='word_1_245' title='bbox 235 4020 336 4085; x_wconf 60' lang='lat' dir='ltr'><strong>acceptu</strong></span> <span class='ocrx_word' id='word_1_246' title='bbox 355 4020 532 4084; x_wconf 83' lang='lat' dir='ltr'><strong>imperatorem</strong></span> <span class='ocrx_word' id='word_1_247' title='bbox 551 4035 575 4066; x_wconf 88' lang='lat' dir='ltr'><strong>se</strong></span> <span class='ocrx_word' id='word_1_248' title='bbox 593 4017 792 4083; x_wconf 83' lang='lat' dir='ltr'><strong>appellaverat.’&#39;</strong></span> <span class='ocrx_word' id='word_1_249' title='bbox 811 4065 814 4070; x_wconf 79' lang='grc'><strong>,</strong></span> 
     </span>
    </p>

    <p class='ocr_par' dir='ltr' id='par_1_7' title="bbox 237 4105 1412 4353">
     <span class='ocr_line' id='line_1_32' title="bbox 272 4105 1412 4178; baseline 0.008 -23"><span class='ocrx_word' id='word_1_250' title='bbox 272 4105 301 4176; x_wconf 85' lang='grc'><strong>3)</strong></span> <span class='ocrx_word' id='word_1_251' title='bbox 319 4109 415 4156; x_wconf 85' lang='lat' dir='ltr'><strong>Tamen</strong></span> <span class='ocrx_word' id='word_1_252' title='bbox 433 4109 539 4157; x_wconf 90' lang='lat' dir='ltr'><strong>multum</strong></span> <span class='ocrx_word' id='word_1_253' title='bbox 560 4108 648 4167; x_wconf 86' lang='lat' dir='ltr'><strong>abfuit,</strong></span> <span class='ocrx_word' id='word_1_254' title='bbox 669 4118 695 4156; x_wconf 92' lang='lat' dir='ltr'><strong>ut</strong></span> <span class='ocrx_word' id='word_1_255' title='bbox 713 4107 804 4172; x_wconf 90' lang='lat' dir='ltr'><strong>populi</strong></span> <span class='ocrx_word' id='word_1_256' title='bbox 822 4109 989 4159; x_wconf 84' lang='lat' dir='ltr'><strong>Amanienses</strong></span> <span class='ocrx_word' id='word_1_257' title='bbox 1009 4111 1041 4158; x_wconf 86' lang='lat' dir='ltr'><strong>ad</strong></span> <span class='ocrx_word' id='word_1_258' title='bbox 1060 4112 1208 4178; x_wconf 83' lang='lat' dir='ltr'><strong>obsequitun</strong></span> <span class='ocrx_word' id='word_1_259' title='bbox 1219 4123 1301 4164; x_wconf 91' lang='lat' dir='ltr'><strong>essent</strong></span> <span class='ocrx_word' id='word_1_260' title='bbox 1310 4116 1412 4165; x_wconf 88' lang='lat' dir='ltr'><strong>redacti.</strong></span> 
     </span>
     <span class='ocr_line' id='line_1_33' title="bbox 237 4195 1411 4265; baseline 0.008 -21"><span class='ocrx_word' id='word_1_261' title='bbox 237 4199 314 4245; x_wconf 90' lang='lat' dir='ltr'><strong>Anno</strong></span> <span class='ocrx_word' id='word_1_262' title='bbox 343 4196 460 4261; x_wconf 90' lang='lat' dir='ltr'><strong>proximo</strong></span> <span class='ocrx_word' id='word_1_263' title='bbox 489 4195 521 4244; x_wconf 90' lang='lat' dir='ltr'><strong>de</strong></span> <span class='ocrx_word' id='word_1_264' title='bbox 545 4196 643 4260; x_wconf 86' lang='lat' dir='ltr'><strong>integro</strong></span> <span class='ocrx_word' id='word_1_265' title='bbox 677 4196 810 4245; x_wconf 88' lang='lat' dir='ltr'><strong>latrocinia</strong></span> <span class='ocrx_word' id='word_1_266' title='bbox 828 4196 855 4245; x_wconf 91' lang='lat' dir='ltr'><strong>in</strong></span> <span class='ocrx_word' id='word_1_267' title='bbox 874 4197 963 4246; x_wconf 83' lang='lat' dir='ltr'><strong>Cilicia</strong></span> <span class='ocrx_word' id='word_1_268' title='bbox 981 4199 1104 4248; x_wconf 85' lang='lat' dir='ltr'><strong>florebant</strong></span> <span class='ocrx_word' id='word_1_269' title='bbox 1125 4202 1173 4264; x_wconf 81' lang='lat' dir='ltr'><strong>(Cf.</strong></span> <span class='ocrx_word' id='word_1_270' title='bbox 1193 4203 1226 4251; x_wconf 82' lang='lat' dir='ltr'><strong>ad</strong></span> <span class='ocrx_word' id='word_1_271' title='bbox 1244 4206 1296 4254; x_wconf 85' lang='lat' dir='ltr'><strong>Att.</strong></span> <span class='ocrx_word' id='word_1_272' title='bbox 1317 4205 1366 4262; x_wconf 88' lang='lat' dir='ltr'><strong>VI,</strong></span> <span class='ocrx_word' id='word_1_273' title='bbox 1385 4221 1411 4265; x_wconf 94' lang='lat'><strong>4.</strong></span> 
     </span>
     <span class='ocr_line' id='line_1_34' title="bbox 240 4283 1177 4353; baseline 0.006 -20"><span class='ocrx_word' id='word_1_274' title='bbox 240 4285 282 4349; x_wconf 87' lang='lat'><strong>1.).</strong></span> <span class='ocrx_word' id='word_1_275' title='bbox 301 4287 379 4333; x_wconf 86' lang='lat' dir='ltr'><strong>Anno</strong></span> <span class='ocrx_word' id='word_1_276' title='bbox 396 4283 432 4344; x_wconf 89' lang='lat'><strong>48</strong></span> <span class='ocrx_word' id='word_1_277' title='bbox 451 4284 570 4332; x_wconf 90' lang='lat' dir='ltr'><strong>Metellus</strong></span> <span class='ocrx_word' id='word_1_278' title='bbox 590 4284 678 4348; x_wconf 89' lang='lat' dir='ltr'><strong>Scipio</strong></span> <span class='ocrx_word' id='word_1_279' title='bbox 698 4284 723 4332; x_wconf 90' lang='lat' dir='ltr'><strong>in</strong></span> <span class='ocrx_word' id='word_1_280' title='bbox 745 4284 834 4332; x_wconf 92' lang='lat' dir='ltr'><strong>iisdem</strong></span> <span class='ocrx_word' id='word_1_281' title='bbox 854 4285 918 4334; x_wconf 88' lang='lat' dir='ltr'><strong>locis</strong></span> <span class='ocrx_word' id='word_1_282' title='bbox 937 4302 989 4336; x_wconf 89' lang='lat' dir='ltr'><strong>rem</strong></span> <span class='ocrx_word' id='word_1_283' title='bbox 1008 4289 1074 4336; x_wconf 86' lang='lat' dir='ltr'><strong>male</strong></span> <span class='ocrx_word' id='word_1_284' title='bbox 1093 4289 1177 4353; x_wconf 86' lang='lat' dir='ltr'><strong>gessit.</strong></span> 
     </span>
    </p>

    <p class='ocr_par' dir='ltr' id='par_1_8' title="bbox 272 4372 669 4437">
     <span class='ocr_line' id='line_1_35' title="bbox 272 4372 669 4437; baseline 0 -17"><span class='ocrx_word' id='word_1_285' title='bbox 272 4374 300 4437; x_wconf 83' lang='lat'><strong>4)</strong></span> <span class='ocrx_word' id='word_1_286' title='bbox 322 4373 387 4421; x_wconf 90' lang='lat' dir='ltr'><strong>Vide</strong></span> <span class='ocrx_word' id='word_1_287' title='bbox 405 4372 438 4421; x_wconf 86' lang='lat' dir='ltr'><strong>ad</strong></span> <span class='ocrx_word' id='word_1_288' title='bbox 458 4374 509 4423; x_wconf 82' lang='lat' dir='ltr'><strong>An.</strong></span> <span class='ocrx_word' id='word_1_289' title='bbox 532 4373 562 4420; x_wconf 94' lang='lat' dir='ltr'><strong>V.</strong></span> <span class='ocrx_word' id='word_1_290' title='bbox 583 4384 625 4424; x_wconf 89' lang='lat'><strong>21.</strong></span> <span class='ocrx_word' id='word_1_291' title='bbox 647 4386 669 4434; x_wconf 90' lang='lat'><strong>7.</strong></span> 
     </span>
    </p>

    <p class='ocr_par' dir='ltr' id='par_1_9' title="bbox 236 4460 1413 4700">
     <span class='ocr_line' id='line_1_36' title="bbox 273 4460 1412 4525; baseline 0.009 -18"><span class='ocrx_word' id='word_1_292' title='bbox 273 4466 298 4524; x_wconf 78' lang='lat'><strong>5)</strong></span> <span class='ocrx_word' id='word_1_293' title='bbox 317 4462 372 4509; x_wconf 87' lang='lat' dir='ltr'><strong>Iam</strong></span> <span class='ocrx_word' id='word_1_294' title='bbox 398 4460 481 4509; x_wconf 89' lang='lat' dir='ltr'><strong>statim</strong></span> <span class='ocrx_word' id='word_1_295' title='bbox 509 4468 568 4525; x_wconf 90' lang='lat' dir='ltr'><strong>post</strong></span> <span class='ocrx_word' id='word_1_296' title='bbox 596 4461 784 4525; x_wconf 87' lang='lat' dir='ltr'><strong>expeditionem</strong></span> <span class='ocrx_word' id='word_1_297' title='bbox 810 4462 951 4512; x_wconf 86' lang='lat' dir='ltr'><strong>conlectam</strong></span> <span class='ocrx_word' id='word_1_298' title='bbox 970 4463 1003 4512; x_wconf 89' lang='lat' dir='ltr'><strong>ad</strong></span> <span class='ocrx_word' id='word_1_299' title='bbox 1022 4474 1135 4515; x_wconf 83' lang='lat' dir='ltr'><strong>senatum</strong></span> <span class='ocrx_word' id='word_1_300' title='bbox 1153 4468 1261 4516; x_wconf 90' lang='lat' dir='ltr'><strong>scribere</strong></span> <span class='ocrx_word' id='word_1_301' title='bbox 1279 4469 1305 4517; x_wconf 93' lang='lat' dir='ltr'><strong>in</strong></span> <span class='ocrx_word' id='word_1_302' title='bbox 1325 4469 1412 4517; x_wconf 88' lang='lat' dir='ltr'><strong>animo</strong></span> 
     </span>
     <span class='ocr_line' id='line_1_37' title="bbox 236 4549 1413 4620; baseline 0.006 -21"><span class='ocrx_word' id='word_1_303' title='bbox 236 4550 352 4600; x_wconf 88' lang='lat' dir='ltr'><strong>habebat.</strong></span> <span class='ocrx_word' id='word_1_304' title='bbox 374 4549 412 4600; x_wconf 82' lang='lat' dir='ltr'><strong>Cf.</strong></span> <span class='ocrx_word' id='word_1_305' title='bbox 431 4550 465 4598; x_wconf 88' lang='lat' dir='ltr'><strong>ad</strong></span> <span class='ocrx_word' id='word_1_306' title='bbox 484 4550 536 4598; x_wconf 84' lang='lat' dir='ltr'><strong>Att.</strong></span> <span class='ocrx_word' id='word_1_307' title='bbox 557 4551 588 4600; x_wconf 92' lang='lat' dir='ltr'><strong>V.</strong></span> <span class='ocrx_word' id='word_1_308' title='bbox 610 4563 651 4599; x_wconf 88' lang='lat'><strong>20.</strong></span> <span class='ocrx_word' id='word_1_309' title='bbox 671 4550 705 4607; x_wconf 77' lang='lat'><strong>63</strong></span> <span class='ocrx_word' id='word_1_310' title='bbox 724 4550 757 4598; x_wconf 89' lang='lat' dir='ltr'><strong>ad</strong></span> <span class='ocrx_word' id='word_1_311' title='bbox 777 4551 847 4602; x_wconf 84' lang='lat' dir='ltr'><strong>Fam.</strong></span> <span class='ocrx_word' id='word_1_312' title='bbox 870 4552 904 4600; x_wconf 92' lang='grc' dir='ltr'><strong>ΙΙ.</strong></span> <span class='ocrx_word' id='word_1_313' title='bbox 933 4563 955 4614; x_wconf 89' lang='lat'><strong>7.</strong></span> <span class='ocrx_word' id='word_1_314' title='bbox 978 4566 1003 4617; x_wconf 86' lang='lat'><strong>3.</strong></span> <span class='ocrx_word' id='word_1_315' title='bbox 1021 4554 1072 4603; x_wconf 88' lang='lat' dir='ltr'><strong>Sed</strong></span> <span class='ocrx_word' id='word_1_316' title='bbox 1091 4571 1129 4604; x_wconf 91' lang='lat' dir='ltr'><strong>res</strong></span> <span class='ocrx_word' id='word_1_317' title='bbox 1147 4556 1272 4620; x_wconf 86' lang='lat' dir='ltr'><strong>prolatata</strong></span> <span class='ocrx_word' id='word_1_318' title='bbox 1281 4573 1335 4606; x_wconf 89' lang='lat' dir='ltr'><strong>esse</strong></span> <span class='ocrx_word' id='word_1_319' title='bbox 1344 4557 1413 4606; x_wconf 88' lang='lat' dir='ltr'><strong>vide-</strong></span> 
     </span>
     <span class='ocr_line' id='line_1_38' title="bbox 236 4638 816 4700; baseline -0.005 -12"><span class='ocrx_word' id='word_1_320' title='bbox 236 4648 283 4689; x_wconf 87' lang='lat' dir='ltr'><strong>tur.</strong></span> <span class='ocrx_word' id='word_1_321' title='bbox 303 4638 341 4692; x_wconf 74' lang='lat' dir='ltr'><strong>Cf,</strong></span> <span class='ocrx_word' id='word_1_322' title='bbox 363 4639 396 4687; x_wconf 83' lang='lat' dir='ltr'><strong>ad</strong></span> <span class='ocrx_word' id='word_1_323' title='bbox 415 4640 485 4691; x_wconf 80' lang='lat' dir='ltr'><strong>Fam.</strong></span> <span class='ocrx_word' id='word_1_324' title='bbox 506 4639 556 4692; x_wconf 89' lang='grc' dir='ltr'>ΙΙΙ,</span> <span class='ocrx_word' id='word_1_325' title='bbox 577 4652 601 4700; x_wconf 87' lang='grc'><strong>9.</strong></span> <span class='ocrx_word' id='word_1_326' title='bbox 622 4653 656 4698; x_wconf 88' lang='grc'><strong>4;</strong></span> <span class='ocrx_word' id='word_1_327' title='bbox 678 4639 722 4687; x_wconf 92' lang='lat' dir='ltr'><strong>VI.</strong></span> <span class='ocrx_word' id='word_1_328' title='bbox 747 4650 769 4690; x_wconf 87' lang='lat'><strong>1.</strong></span> <span class='ocrx_word' id='word_1_329' title='bbox 792 4652 816 4700; x_wconf 90' lang='lat'><strong>9.</strong></span> 
     </span>
    </p>
   </div>
   <div class='ocr_carea' id='block_1_4' title="bbox 0 0 1657 5259">
    <p class='ocr_par' dir='ltr' id='par_1_10' title="bbox 0 0 1657 5259">
     <span class='ocr_line' id='line_1_39' title="bbox 0 0 1657 5259; baseline 0 0"><span class='ocrx_word' id='word_1_330' title='bbox 0 0 1657 5259; x_wconf 95' lang='lat' dir='ltr'><strong> </strong></span> 
     </span>
    </p>
   </div>
  </div>
 </body>
</html>
