3292 5259
822 369 878 408 110

258 527 370 605 Itaque
395 523 454 586 iter
477 523 519 585 ad
542 523 740 584 Laodiceam
766 522 892 584 direxit.
928 519 994 584 Sed
1019 529 1192 602 antequam
1218 539 1258 580 eo
1281 520 1435 600 pervenit,

257 617 402 694 nuntium
425 616 561 710 accepit,
597 629 714 691 iterum
738 609 885 708 Appium
908 647 1036 689 cursum
1060 627 1179 689 itineris
1205 635 1434 688 commutasse.

259 741 302 801 ad
325 738 416 800 Fam.
440 736 493 798 ΙΙΙ.
519 737 547 798 6.
571 753 623 813 4.;
660 713 717 798 »aa
739 736 824 798 milri
846 745 953 798 taraen
977 745 1151 816 antequam
1176 734 1209 796 ia
1227 733 1437 814 provinciam

254 847 344 921 veni,
368 844 515 908 redditae
537 854 615 905 sant
634 865 655 905 a
679 853 709 905 te
733 842 871 917 litterae,
896 840 1014 922 quibas
1037 839 1098 902 etsi
1120 849 1148 902 te
1178 840 1207 902 T
1204 859 1318 902 arsura
1335 839 1436 920 profi·

259 953 338 1014 eisei
369 951 627 1025 demonstrabas,
665 959 772 1012 tamen
807 947 893 1010 milei
925 968 989 1009 aare
1013 947 1148 1009 dubiam
1171 957 1259 1026 spera
1283 945 1349 1008 mei
1367 965 1436 1007 eoa-

260 1058 412 1121 veniendi
443 1054 636 1138 afferebas.''
685 1054 776 1116 Haec
799 1073 875 1135 spes
898 1053 930 1114 in
954 1073 1071 1115 vanum
1096 1052 1183 1114 abiit.
1231 1051 1286 1114 Ad
1310 1051 1438 1114 Cicero-

261 1165 309 1226 nis
344 1166 519 1226 adventum
555 1162 684 1244 Appius
719 1161 843 1223 transiit
877 1160 1028 1232 Taurum,
1066 1168 1098 1222 et
1129 1158 1233 1221 iorum
1257 1159 1323 1240 egit
1346 1157 1438 1219 Tarsi

260 1271 377 1333 iisdem
417 1271 530 1332 diebus
567 1269 683 1350 quibus
718 1267 831 1329 Cicero
867 1275 1062 1329 conventum
1097 1265 1210 1328 habuit
1244 1264 1276 1326 in
1311 1264 1440 1346 oppidis

262 1377 430 1458 Phrygiae.
462 1382 490 1460 ι)
537 1375 651 1439 Cicero
675 1375 797 1436 interea
819 1373 939 1436 cotidie
963 1392 1037 1436 eum
1061 1373 1293 1453 exspectabat3
1319 1373 1376 1434 sed
1400 1391 1441 1431 ne

262 1484 385 1547 litteras
417 1483 549 1564 quidem
583 1481 663 1544 ullas
700 1481 834 1562 aceepit,
874 1499 956 1560 quae
987 1479 1152 1552 docerent,
1178 1478 1232 1541 ubi
1257 1497 1331 1540 eum
1354 1487 1441 1539 esset

180 1651 187 1658 .
264 1592 397 1652 visurus
445 1589 594 1651 Tandem
616 1573 892 1668 'indignabundus
928 1585 1055 1666 scripsit
1094 1605 1166 1648 eam
1191 1583 1374 1667 epistolam,
1399 1586 1441 1646 de

263 1717 328 1777 qua
340 1697 392 1757 hic
405 1696 518 1777 agitur,
541 1694 672 1776 plenam
687 1692 899 1774 querelarum,
924 1701 957 1754 et
969 1693 1119 1774 exposuit
1131 1691 1244 1773 Appio
1260 1692 1307 1754 sui
1320 1691 1442 1753 itineris

263 1803 422 1864 rationem
447 1812 480 1864 et
505 1801 682 1863 consilium.
707 1800 749 1861 ad
774 1799 863 1862 Fam.
891 1798 944 1863 ΙΙΙ.
969 1799 999 1860 6.
1014 1799 1045 1860 6.
1074 1799 1269 1864 ›Utteabere
1281 1801 1442 1862 rationem

259 1910 378 1992 passis,
415 1931 477 1991 qao
512 1910 578 1971 loeo
613 1929 663 1970 are
687 1907 806 1969 salva
829 1905 924 1986 lege
948 1904 1146 1968 Cornelia
1168 1907 1349 1981 convenias,
1385 1929 1443 1989 ego

268 2017 302 2078 ia
320 2016 530 2095 provinciam
568 2016 643 2076 aerei
670 2014 785 2094 pridie
807 2013 990 2089 Kalendas;
1025 2012 1088 2074 iter
1111 2013 1145 2074 ia
1177 2011 1327 2074 Ciliciam
1342 2014 1445 2091 jacio

260 2133 327 2202 per
364 2122 807 2202 Cappadociam,·castra
843 2119 962 2181 movi
998 2118 1050 2181 ab
1085 2108 1257 2179 Iconio¹
1287 2117 1446 2198 pridie

269 2227 512 2290 Kalendas
546 2228 866 2309 Septembres
903 2228 1000 2290 Naar
1033 2237 1066 2289 ta
1092 2237 1125 2289 et
1145 2247 1187 2289 er
1210 2225 1321 2289 diebus
1344 2237 1376 2289 et
1402 2224 1447 2288 err

213 2371 215 2376 ·
265 2334 396 2396 ratione
431 2335 567 2409 itineris,
602 2335 634 2396 si
648 2335 784 2414 putabis
805 2356 858 2397 me
888 2355 954 2396 esse
977 2333 1237 2407 corraeaiendara,
1265 2332 1446 2408 constitues,

266 2460 328 2520 qao
354 2441 419 2502 loca
444 2440 483 2502 id
504 2441 762 2503 eomreodissirae
775 2441 861 2522 fieri
875 2440 983 2520 possit
1003 2451 1034 2502 et
1044 2461 1105 2521 qao
1120 2439 1179 2501 die.
1206 2440 1278 2501 Lex
1296 2437 1447 2502 Cornelia

267 2548 320 2607 de
334 2546 507 2626 provinciis
530 2547 718 2609 ordinandis
740 2547 857 2617 sanxit,
884 2556 917 2608 ut
941 2547 1103 2609 tricesimo
1128 2547 1189 2620 die,
1215 2551 1447 2632 postquamin

270 2654 468 2731 provinciam
491 2653 630 2714 venisset
655 2674 832 2726 successor,
858 2654 1042 2734 provinciae
1054 2673 1185 2735 praeses
1201 2654 1384 2716 decederet.
1410 2659 1447 2736 2)

270 2758 318 2820 At
341 2778 418 2820 vero
442 2759 505 2820 iam
530 2759 648 2820 mensis
672 2759 911 2832 intercesserat,
931 2781 974 2820 ex
998 2780 1061 2841 quo
1076 2758 1190 2821 Cicero
1204 2759 1235 2820 in
1247 2760 1448 2840 provinciam

267 2865 427 2946 pervenit.
464 2864 538 2945 Quo
563 2874 660 2947 pacto
685 2887 764 2946 ergo
788 2865 855 2928 fieri
880 2866 995 2948 potuit,
1021 2875 1056 2929 ut
1078 2866 1208 2949 Appius
1226 2886 1448 2928 successorem

268 2972 458 3034 conveniret
493 2974 589 3035 salva
626 2974 694 3054 lege
732 2972 900 3048 Cornelia,
929 2973 947 3034 i.
973 2993 1000 3036 e.
1025 2973 1106 3035 intra
1130 2973 1215 3034 diem
1240 2974 1447 3045 tricesimum,

267 3079 429 3160 siquidem
455 3099 565 3141 revera
590 3080 671 3141 haec
696 3078 835 3159 epistola
858 3079 962 3160 pridie
988 3078 1061 3141 Kal.
1087 3078 1177 3162 Sept.
1193 3083 1270 3144 data
1282 3079 1354 3143 est?
1378 3081 1448 3142 lam

270 3185 347 3245 mihi
371 3186 542 3259 concedes,
569 3185 694 3266 opinor,
722 3205 855 3247 necesse
869 3205 952 3259 esse,
966 3195 999 3247 ut
1012 3187 1149 3266 epistola
1161 3196 1272 3250 nostra
1284 3187 1449 3270 aliquanto

269 3301 346 3352 ante
370 3291 490 3371 scripta
513 3291 564 3363 sit,
590 3300 623 3352 et
649 3293 803 3353 mendum
827 3290 926 3353 latere
951 3290 983 3353 in
1007 3291 1132 3354 verbis:
1162 3304 1289 3356 »eastra
1308 3295 1397 3358 movi
1406 3296 1450 3357 ab

272 3398 378 3460 leonia
412 3399 522 3478 pridie
554 3398 629 3461 Kal.
653 3399 886 3480 „Septembres”
924 3399 1015 3461 Haec
1039 3401 1065 3460 si
1089 3399 1139 3461 cui
1165 3401 1206 3462 ad
1231 3399 1449 3480 suspicionem

271 3505 468 3567 movendam
492 3524 557 3566 non
581 3504 746 3577 sufficiant,
761 3506 798 3566 'is
822 3504 899 3565 mihi
913 3505 1061 3587 inspiciat
1075 3505 1244 3586 epistolam
1258 3515 1448 3590 sequentem

274 3613 331 3692 (ad
355 3612 445 3674 Fam.
471 3611 523 3673 III.
551 3613 581 3694 7)
605 3619 638 3673 et
663 3614 768 3673 omnis
791 3608 920 3673 tolletur
944 3611 1114 3674 dubitatio.
1146 3611 1276 3695 Appius
1300 3611 1450 3675 Ciceroni

271 3719 304 3779 in
339 3720 458 3780 crimen
492 3719 627 3780 dederat
659 3737 724 3778 non
759 3736 832 3778 eum
857 3717 916 3778 sibi
940 3718 1110 3781 decedenti
1135 3718 1266 3780 obviam
1290 3719 1448 3800 prodisse,

273 3826 364 3908 quod
389 3825 509 3887 crimen
534 3823 617 3886 hunc
640 3824 671 3886 in
696 3824 829 3886 modum
843 3823 895 3885 ille
909 3823 1046 3888 refutat:
1075 3846 1113 3886 »a
1125 3815 1304 3900 Paasania,
1318 3826 1454 3891 Leatalr'

271 3932 399 4006 liberto,
424 3952 554 3995 accenso
577 3952 656 4003 areo,
682 3930 807 4005 audivi,
832 3951 903 3992 cara
916 3930 1042 4005 diceret,
1056 3941 1084 3993 te
1096 3951 1201 3994 secam
1213 3951 1280 3993 esse
1292 3942 1449 4012 questam,

272 4038 363 4119 arrad
382 4038 444 4100 tibi
464 4038 595 4100 abatiam
622 4035 885 4118 aarrprodissera.
911 4034 1041 4097 Scilicet
1049 4035 1224 4116 contempsi
1234 4046 1272 4110 te,
1286 4057 1341 4098 aec
1345 4047 1455 4116 potest

262 4145 351 4226 fieri
372 4166 422 4206 me
446 4145 616 4226 quicquam
641 4145 836 4224 superbias!
869 4142 950 4206 Cara
967 4152 1054 4222 perer
1077 4152 1150 4204 tures
1172 4142 1221 4204 ad
1241 4163 1290 4204 rae
1312 4145 1452 4206 secanda

281 4316 435 4323 .--—-—-.

316 4413 340 4474 1)
360 4409 398 4458 Cf.
417 4410 451 4458 ad
473 4410 542 4458 Fam.
564 4409 613 4460 ΙΙΙ,
634 4407 658 4460 8.
675 4408 691 4455 6
701 4426 708 4467 3
729 4408 762 4456 ad
779 4409 832 4458 An.
853 4408 883 4456 V.
905 4408 943 4458 16.
963 4423 979 4470 4
989 4425 996 4468 ;
1019 4420 1058 4469 17.
1079 4407 1102 4459 6.

315 4504 339 4561 2)
359 4500 397 4550 Cs.
428 4499 461 4548 ad
480 4499 549 4548 Fam.
572 4498 620 4545 111.
641 4495 665 4548 6.
685 4509 709 4558 3.
732 4512 799 4554 „non
817 4497 887 4544 modo
905 4496 940 4544 idi
956 4513 1005 4545 non
1016 4496 1106 4562 suisti,
1126 4496 1224 4546 adime
1243 4497 1452 4562 quarrrprimam

279 4568 365 4637 videre
375 4595 468 4652 posses,
486 4586 531 4634 sed
546 4602 572 4633 eo
590 4585 726 4643 discessisti,
746 4602 794 4648 quo
812 4601 854 4648 ego
871 4594 894 4632 te
908 4602 938 4634 ne
941 4585 1064 4650 persequi
1073 4585 1171 4650 quidem
1174 4593 1272 4650 possem
1290 4586 1337 4634 tri
1347 4603 1365 4650 g
1375 4587 1382 4634 i
1393 4603 1409 4635 u
1419 4594 1453 4636 ta

279 4677 431 4738 diebus,
459 4674 505 4739 qui
532 4673 577 4721 tibi
593 4672 630 4721 ad
647 4662 809 4721 elecedendam
830 4675 887 4738 lege,
907 4683 937 4722 at
954 4674 1049 4738 opinor,
1075 4675 1190 4723 Cornelia
1209 4675 1335 4724 constituti
1352 4675 1446 4724 essent!
