3292 5259
750 294 786 350 39

181 442 297 515 lestim
332 424 519 515 Afranium
553 468 634 515 cum
667 444 778 539 copiis
807 428 1001 543 ablegavit,
1038 448 1099 546 qui
1127 449 1267 522 Parthis
1294 476 1355 524 ex-

179 562 289 661 pulsis
332 580 371 637 et
412 590 525 663 usque
560 565 697 640 Arbela
732 568 872 641 reiectis
908 569 1043 658 effecit,
1083 586 1140 644 ut'
1156 573 1354 669 Gordyene
1450 639 1454 643 ,

180 689 331 785 Tigrani
358 690 616 765 restitueretur.
652 698 688 784 1)

233 814 317 886 Non
351 828 434 885 tunc
467 814 621 910 primum
653 815 841 887 Romanus
874 817 1050 889 exercitus
1091 819 1229 891 transiit
1264 819 1353 894 fines

180 936 331 1011 Parthici
365 938 513 1034 imperii.
551 939 625 1011 lam
660 936 773 1011 semel
801 954 910 1036 atque
938 941 1066 1013 iterum
1094 942 1284 1031 acciderat,
1314 960 1354 1018 ut

178 1062 334 1135 foederis
380 1062 647 1135 condicionibus
688 1062 857 1159 regisque
899 1063 1128 1160 querimoniis
1168 1066 1352 1141 fastidiose

174 1164 307 1282 *spretis
332 1184 443 1282 legati
471 1185 621 1281 Pompei
650 1211 730 1257 cum
754 1187 916 1261 exercitu
943 1202 1041 1260 trans
1068 1190 1291 1286 Euphratem
1317 1192 1352 1263 in

176 1312 388 1384 Armeniam
415 1326 452 1383 et
480 1310 622 1406 Syriam
647 1326 903 1393 commearent.
934 1311 1002 1383 His
1029 1312 1159 1385 iniuriis
1177 1328 1253 1387 tam
1270 1340 1352 1412 gra·

132 1453 142 1469 “
175 1435 278 1508 vibus
306 1449 416 1530 atque
432 1429 572 1506 acerbis
587 1433 620 1504 in
636 1430 814 1505 cumulum
833 1435 984 1507 accessit
1010 1436 1249 1527 contumelia·
1257 1465 1351 1537 quae

176 1558 297 1630 nescio
323 1583 368 1630 an
396 1558 511 1630 acrius
537 1557 645 1629 etiam
672 1558 764 1630 iram
788 1558 887 1654 regis
913 1560 1127 1632 accenderit.

227 1681 327 1777 Nota
354 1698 410 1754 est
436 1706 505 1769 res,
550 1696 775 1779 quantopere
803 1682 1015 1771 Arsacidae,
1046 1699 1085 1757 ut
1121 1710 1248 1759 omnes
1275 1688 1349 1761 lere

175 1829 281 1900 reges
322 1820 359 1877 et
400 1803 529 1901 reguli·
555 1804 715 1893 Asiatici,
764 1806 890 1879 insano
936 1805 1107 1881 oblectati
1134 1810 1203 1881 sint
1229 1811 1349 1884 studio

173 1926 374 2019 titulorum,
415 1928 486 2000 iam
518 1926 593 2000 ‘soli
611 2022 613 2026 .
634 1929 769 1999 nummi
796 1929 889 2002 hanc
911 1928 1058 2004 stultam
1083 1934 1351 2014 ostentationen

172 2052 646 2149 perspicuedemonstrant.
677 2053 829 2150 Legitur
857 2055 891 2125 in
918 2056 961 2127 iis
983 2053 1094 2153 longa
1108 2058 1220 2131 series
1230 2058 1349 2155 ¹splen·
1395 2104 1422 2150 .·

175 2177 340 2249 didorum
374 2176 650 2271 cognominum:
688 2196 888 2259 nrunror,
913 2199 1190 2262 urbanarum,
1205 2202 1367 2283 pauor,
1396 2180 1399 2185 ’

174 2325 450 2387 auronum,
490 2322 754 2385 ΝΙΚΔΤΟΡΟΣ,
789 2324 1010 2386 ΜΕΓΑΛΟΥ,
1046 2326 1347 2391 ΦΙΛΕΛΛΗΝΟΣ,

140 2450 142 2455 ·
173 2427 242 2503 alia
278 2430 315 2501 id
351 2454 467 2525 genus
503 2427 742 2523 cognomina.v
790 2427 945 2524 Semper
986 2444 1024 2501 et
1059 2430 1192 2527 ubique
1224 2448 1347 2505 autem

170 2555 288 2651 primo
321 2551 402 2625 loco
430 2552 552 2623 incusa
579 2565 661 2622 sunt
685 2549 864 2623 vocabula
881 2574 1106 2626 ΒΑΣΙΛΕΩΣ
1121 2576 1349 2629 ΒΑΣΙΛΕΩΝ

121 2752 130 2763 ,
170 2676 227 2751 vel
271 2697 497 2751 urbianus
511 2696 731 2749 Muranum
762 2673 799 2774 2)
863 2674 946 2747 Hoc
978 2674 1074 2751 enim
1108 2672 1234 2763 titulo,
1270 2692 1345 2749 tam

170 2802 325 2898 superbe
365 2799 588 2897 significante
628 2797 861 2895 splendorem
886 2814 924 2871 et
951 2799 1179 2871 maiestatem
1207 2800 1345 2895 imperii

171 2951 306 3014 eorum,
337 2925 398 3021 qui
421 2922 553 2996 nullam
579 2923 829 2996 auctoritatem
853 2947 962 3017 supra
979 2897 1195 3015 sepositam
1214 2946 1345 3017 agnos·

170 3063 292 3121 cerent
310 3062 348 3119 et
361 3070 469 3141 reges
483 3047 549 3119 sibi
563 3046 745 3119 subiectos
758 3046 946 3132 haberent,-
961 3042 1162 3116 Arsacidae
1171 3043 1344 3139 imprimis

168 3170 425 3269 gloriabantur,
453 3184 492 3242 ut
512 3169 587 3242 fieri
607 3195 680 3241 non
702 3183 838 3264 posset,
869 3168 953 3266 quin
984 3167 1053 3264 qui·
1066 3167 1113 3240 de
1136 3193 1183 3241 eo
1206 3164 1344 3242 honore

168 3296 395 3382 detraxisset,
430 3290 655 3389 implacabile
682 3292 791 3381 totius
816 3292 936 3387 gentis
960 3290 1088 3364 'odium
1117 3291 1217 3375 inse
1245 3307 1355 3364 essetv
1405 3342 1408 3346 -

167 3397 413 3492 conversurus
457 3416 587 3513 Neque
612 3415 787 3489 Romanis
820 3414 977 3512 alioquin
996 3431 1084 3502 ,erat
1111 3416 1220 3488 moris
1246 3442 1341 3489 com-

166 3544 319 3631 mittere,
367 3557 407 3614 ut
451 3556 527 3613 tam
559 3537 677 3613 levem
708 3540 757 3613 ob
788 3564 936 3613 causam
961 3527 1149 3635 imperium
1167 3565 1279 3619 ¹suum
1306 3541 1341 3611 in

167 3668 355 3740 discrimen
368 3679 558 3754 vocarent,
579 3678 704 3737 contra
726 3661 853 3737 callide
867 3688 1012 3759 semper
1022 3664 1056 3734 in
1065 3663 1173 3735 rebus
1184 3665 1340 3735 externis

125 3786 128 3792 ’
166 3792 258 3864 hanc
298 3790 473 3862 rationem
505 3788 757 3885 sequebantur,
788 3803 828 3860 ut
851 3788 1056 3885 ubicunque
1084 3786 1132 3859 de
1156 3787 1250 3859 veris
1275 3787 1340 3859 rei-

71 3982 78 3991 .
165 3913 330 4013 publicae
371 3912 571 4005 commodis
612 3927 792 4007 ageretur,
836 3936 937 3983 suam
975 3926 1113 3982 tantum
1152 3907 1339 3982 utilitatem

164 4055 356 4128 tuerentur,
395 4063 463 4111 nec
497 4037 687 4135 quicquam
721 4036 855 4109 exteris
888 4035 1091 4108 nationibus
1125 4051 1162 4107 et
1191 4035 1339 4131 regibus

167 4182 321 4192 ‘'⁸‘'
983 4172 991 4203 Ι

171 4227 173 4232 ’
203 4220 225 4279 1)
244 4215 282 4266 cf.
302 4215 354 4262 Dio
377 4212 445 4263 Cass.
466 4220 509 4275 37,
529 4221 556 4274 5;
575 4211 640 4261 Plut.
660 4210 749 4273 Pomp.
769 4208 811 4271 36.
1364 4286 1366 4289 y

200 4311 224 4368 2)
243 4306 364 4369 Tigranes
384 4302 526 4360 Armenius,
546 4307 573 4348 ut
591 4306 679 4348 notum
699 4305 744 4369 est,
764 4296 873 4345 eundem
892 4297 992 4346 titulum
1001 4303 1175 4360 assumpserat.
1195 4297 1286 4345 Postea
1297 4296 1337 4344 vel

138 4394 141 4403 ’
163 4394 290 4443 Antonius
308 4391 428 4449 triumvir,
447 4404 504 4437 cum
523 4387 549 4435 in
569 4387 718 4452 Cleopatrae
728 4384 938 4435 aula'effrenatae
956 4385 1069 4443 luxuriae
1079 4400 1106 4433 se
1125 4384 1203 4442 daret,
1223 4390 1247 4432 et
1258 4384 1338 4431 orieu-
1442 4412 1445 4418 ·

163 4484 219 4535 talis
246 4482 311 4545 regis
339 4480 469 4545 praeberet
492 4475 602 4540 speciem
621 4459 781 4539 Cleopatram
799 4470 929 4541 βασιλίδα
947 4465 1094 4540 βασιλέων,
1113 4477 1137 4518 et
1156 4470 1223 4519 filios
1242 4470 1290 4519 sibi
1306 4485 1337 4517 ex

164 4589 192 4621 ea
209 4578 347 4636 prognatos
366 4560 497 4636 βασιλέας
510 4557 645 4631 βασιλέων
662 4562 785 4627 appellari
804 4561 883 4610 iussit.
903 4560 941 4609 Cs,
961 4560 1013 4606 Dio
1033 4559 1337 4641 49,41;Plut.Ant.'54.
