3292 5259
804 359 841 415 92

237 514 384 612 impulit,
421 539 568 587 causam
597 512 743 585 docebit
776 508 930 607 epistola
963 509 1009 581 ad
1048 508 1237 594 Catonem,
1266 508 1312 579 in
1345 533 1416 605 qua

236 665 356 712 rerum
409 653 596 733 gestarum
643 635 799 708 narratio
850 633 995 707 omnino
1041 633 1155 705 minus
1200 659 1222 705 a
1265 633 1415 705 veritate

237 764 420 836 deflectit:
462 760 595 834 scilicet
645 784 716 831 non
755 785 838 831 eum
877 755 967 854 fugit
1012 783 1059 830 ex
1098 757 1204 852 Syria
1237 758 1416 830 Catonem

236 884 475 960 verisimiliter
520 883 668 958 meliora
711 898 748 956 et
789 883 942 956 certiora
982 883 1029 955 de
1071 881 1209 954 Parthis
1247 882 1415 978 edoctum

238 1038 320 1085 esse
353 1036 376 1084 a
408 1035 547 1107 genero
575 1035 641 1082 suo
679 1007 817 1080 Bibulo.
849 1007 897 1080 ad
931 1007 1032 1079 Fam.
1063 1006 1145 1079 XV.
1184 1029 1218 1096 4.
1255 1025 1308 1097 7.:
1343 1009 1417 1079 »in-

237 1148 334 1210 lerea
374 1136 520 1233 cognovi
553 1136 750 1206 multarum
795 1134 925 1205 litteras
966 1142 1068 1228 alque
1095 1133 1235 1204 nanta&
1259 1157 1418 1229 magnas

238 1261 465 1333 Parllzaram
506 1261 624 1355 capias
664 1268 698 1331 at
726 1258 896 1330 Arabum
934 1256 990 1329 ad
1019 1256 1234 1352 oppidum
1267 1255 1417 1329 Antio·

239 1385 390 1457 cheam
428 1383 676 1456 accessisse
711 1407 951 1480 magnamque
977 1399 1099 1454 aarum
1126 1382 1331 1477 equitatum,
1360 1383 1443 1477 pai·
1474 1411 1476 1414 ·

240 1513 281 1582 in
312 1510 478 1582 Ciliciam
510 1489 708 1593 transisset,
740 1508 784 1579 ab
816 1506 972 1602 epaitaaa
1000 1531 1158 1578 mearam
1186 1507 1320 1577 tarmis
1349 1516 1381 1577 et
1396 1531 1419 1576 a

239 1635 377 1708 saliaria
399 1633 600 1728 praetoria,
631 1616 720 1727 qaae
750 1640 831 1703 arat
855 1630 1094 1726 Epiphaneae
1099 1627 1287 1724 praesidii
1298 1655 1417 1716 causa,

240 1759 411 1831 accidiam
446 1758 606 1829 accisam.
647 1755 728 1844 Qua
766 1781 806 1827 re
837 1780 916 1826 ram
948 1755 1101 1826 viderem
1137 1780 1162 1826 a
1196 1755 1421 1848 Cappadocia

241 1883 466 1956 Pariliaram
492 1881 609 1975 capias
632 1905 779 1957 aversas
807 1905 878 1952 aaa
905 1881 1006 1975 laage
1033 1904 1056 1949 a
1072 1878 1219 1974 finibus
1245 1904 1317 1950 assa
1337 1878 1421 1949 Cili-

240 2008 324 2091 ciae,
360 2030 494 2102 quam
519 2003 643 2100 potui
677 2001 877 2075 maximis
901 2002 1422 2077 itineribusadAmanam

241 2131 436 2202 exercitam
464 2125 590 2200 daxi.”
625 2127 728 2198 Nunc
755 2127 999 2223 perspicimus,
1035 2127 1120 2225 quid
1149 2127 1194 2200 sit
1222 2128 1256 2199 in
1270 2127 1324 2200 his
1333 2108 1419 2201 ueri.

245 2252 376 2337 Parthi,
412 2253 445 2322 in
476 2251 704 2346 Cyrrhestica
732 2251 866 2346 vagati,
898 2267 1130 2339 recesserant,
1162 2252 1309 2324 missum
1334 2253 1424 2324 sece-

248 2393 329 2450 rant
365 2374 549 2449 consilium
577 2376 611 2446 in
641 2375 915 2471 Cappadociam
940 2372 997 2448 vel
1032 2373 1193 2448 Ciliciam
1219 2377 1420 2464 invadendi,

247 2505 314 2575 iter
355 2503 529 2574 flexerant
562 2500 792 2572 Antiochiam
830 2525 964 2587 versus
1000 2516 1039 2571 ut
1066 2499 1133 2572 hac
1166 2501 1254 2574 urbe
1287 2526 1423 2597 expug-

246 2641 333 2699 nata
375 2625 539 2698 Cassium
573 2649 653 2696 cum
687 2623 846 2696 exercitu
889 2624 922 2694 in
955 2640 1136 2720 potestate
1169 2626 1353 2699 haberent.
1385 2625 1425 2698 ld

247 2766 439 2847 praeterea
484 2775 530 2820 ex
580 2748 699 2821 Dione
745 2749 825 2835 XL,
876 2753 934 2837 28,
987 2774 1045 2839 29,
1085 2751 1229 2824 abunde
1272 2767 1422 2825 constat.

247 2874 360 2968 Quod
399 2873 527 2946 Cicero
555 2898 729 2970 magnum
755 2872 968 2945 Parthorum
994 2875 1191 2971 equitatum
1212 2875 1246 2947 in
1266 2874 1426 2948 Ciliciam

247 3000 417 3072 transisse
455 2999 549 3083 dicit,
586 2998 621 3069 id
658 2998 783 3070 credat
815 2999 874 3095 qui
912 2996 1011 3071 velit!
1050 3000 1237 3096 Siquidem
1266 3001 1426 3098 equitum

247 3141 387 3195 turmae
421 3140 458 3195 et
490 3148 561 3195 una
589 3123 717 3194 cohors
742 3121 946 3195 sufficerent
978 3122 1025 3194 ad
1059 3122 1244 3197 occidione
1277 3151 1341 3197 eos
1370 3150 1428 3196 oc-

250 3247 433 3331 cidendos
477 3247 625 3343 propius
658 3273 680 3319 a
713 3272 800 3319 vero
838 3247 922 3318 mihi
956 3273 1036 3322 esse
1074 3247 1224 3335 videtur,
1265 3249 1429 3321 conicere

249 3398 316 3444 eos
368 3371 474 3444 luisse
524 3395 673 3466 parvam
718 3369 988 3467 exploratorum
1034 3398 1178 3446 manum
1223 3399 1245 3445 a
1290 3373 1429 3445 Parthis

251 3496 497 3593 praemissam.

307 3621 445 3716 Forsan
465 3606 660 3717 ¹quispiam
698 3619 781 3691 mihi
824 3621 1044 3716 respondet:
1086 3637 1187 3695 »esto
1217 3619 1430 3696 Ciceronem

251 3747 320 3818 hac
353 3745 387 3815 in
415 3743 527 3816 rede
556 3744 697 3840 magnis
726 3744 864 3817 maiora
888 3743 1045 3817 locutum
1074 3772 1173 3836 esse3
1203 3771 1320 3819 nonne
1339 3772 1430 3819 scm-

253 3869 416 3965 piternae
455 3883 576 3940 tamen
610 3866 748 3964 gloriae
777 3868 810 3941 ei
838 3870 1051 3943 vertendum
1078 3887 1143 3958 est,
1176 3870 1273 3968 quod
1304 3871 1432 3943 Cassio

254 3992 429 4065 laboranti
467 4017 671 4066 succurrere
709 4019 816 4067 ausus
854 4009 919 4082 est,
960 4011 997 4067 et
1023 3995 1208 4067 confestim
1221 3996 1431 4068 ,exercitum

253 4117 303 4189 ad
331 4115 514 4187 Amanum
544 4116 694 4189 abduxit
722 4144 828 4214 qaam
847 4121 971 4214 posuit
997 4121 1173 4191 maximi
1195 4121 1384 4192 itineribus
1395 4121 1432 4191 .>’'

256 4241 339 4312 Non
382 4239 490 4312 miror
530 4239 619 4312 haec
656 4241 739 4313 mihi
783 4242 936 4339 opponi3
981 4241 1067 4339 quid
1106 4257 1239 4331 autem,
1269 4243 1299 4316 si
1329 4269 1435 4339 paam

253 4365 418 4438 maurinis
460 4365 650 4436 itineribus
683 4391 766 4438 eum
795 4366 1015 4462 processisse
1043 4368 1219 4463 apparet?
1275 4368 1313 4439 ld
1340 4369 1433 4440 enim

260 4488 339 4561 luce
367 4487 495 4560 clarius
524 4488 761 4562 demonstrari
788 4506 919 4585 potest.

312 4612 369 4684 Ex
398 4611 636 4708 Cappadocia
663 4613 696 4684 in
720 4612 879 4687 Ciliciam
905 4614 1001 4688 ducit
1026 4641 1096 4688 una
1128 4631 1348 4713 perangusta
1366 4618 1434 4707 via,
