3292 5259
881 361 896 411 ά

154 508 215 561 '²³
294 497 610 616 st'usfelfisabriius
636 546 717 592 cum
742 520 783 592 iis
812 520 997 617 congressi
1023 547 1104 593 cum
1129 545 1264 617 magno
1288 542 1355 589 suo
1382 506 1480 588 malo

307 642 425 714 edocti
465 659 560 733 sunt,
603 669 674 716 non
713 645 845 742 ubique
885 672 1001 743 neque
1027 646 1200 718 adversus
1226 670 1352 718 omnes
1378 669 1481 715 arma
1562 718 1572 729 ,

305 792 370 839 sua
396 764 526 840 valere.
579 767 677 861 Quid
706 770 833 853 mirum
859 771 983 867 igitur,
1024 771 1054 843 si
1078 771 1180 842 huius
1207 768 1480 866 potentissimae

306 905 343 966 et
388 888 679 964 bellicosissimae
720 893 839 992 gentis
878 887 1027 967 historia
1049 892 1167 965 multis
1193 908 1229 965 et
1255 893 1481 967 Graecorum

306 1031 343 1088 et
386 1016 633 1089 Romanorum
679 1018 890 1117 dignissima
932 1019 1009 1093 visa
1047 1018 1108 1107 sit,
1157 1044 1251 1115 quae
1290 1016 1482 1114 diligenter

305 1145 438 1241 scripto
464 1145 721 1221 mandaretur?
773 1150 903 1248 Neque
937 1150 1055 1235 aditus
1083 1148 1130 1221 ad
1156 1174 1218 1220 eas
1243 1174 1302 1219 res
1328 1173 1480 1243 cognos-

306 1270 439 1343 cendas
479 1294 559 1343 cum
603 1286 704 1346 tanta
740 1291 818 1348 erat
843 1274 1049 1347 coniunctus
1077 1271 1302 1360 difficultate,
1346 1288 1480 1368 quanta

306 1396 408 1469 nobis
435 1397 554 1469 forsan
573 1397 754 1471 ¹videatur.
799 1400 957 1496 Magnus
986 1400 1172 1494 enim'per
1198 1396 1273 1470 illas
1298 1396 1477 1491 regiones

306 1545 395 1617 quas
435 1520 517 1592 inde
557 1521 603 1593 ab
638 1518 851 1595 Alexandro
876 1524 1015 1619 Magno
1041 1549 1106 1619 per
1131 1539 1274 1595 centum
1300 1537 1337 1595 et
1361 1518 1480 1618 plures

307 1668 419 1717 annos
446 1643 596 1716 Graecis
624 1645 784 1718 subditas
814 1647 920 1719 fuisse
939 1663 1072 1747 notum
1099 1662 1164 1734 est,
1196 1647 1382 1720 obtinebat
1396 1674 1480 1719 usus

196 1776 200 1787 ’
307 1770 530 1843 Graecarum
557 1768 752 1844 litterarum
782 1772 985 1868 Graecique
1013 1771 1198 1860 sermonis
1214 1784 1268 1843 'ut
1295 1772 1365 1844 iam
1394 1773 1481 1844 satis

306 1892 408 1967 inde'
435 1911 604 1992 apparet,
650 1896 748 1992 quod
776 1896 976 1968 Arsacidae
1002 1919 1168 1968 nummos
1196 1896 1345 1969 Graecis
1372 1895 1480 1970 titulis

307 2016 494 2114 inscriptos
510 2018 694 2092 cudendos
709 2036 890 2109 curarunt3
920 2022 1054 2116 passim
1069 2047 1135 2116 per
1148 2037 1263 2093 totum
1280 2022 1478 2118 imperium,

306 2142 468 2238 apprime
497 2142 531 2213 in
559 2143 838 2239 Mesopotamia,
855 2143 1123 2216 inveniebantur
1138 2143 1303 2227 Graecae
1318 2147 1481 2220 civitates

305 2282 473 2361 potentes
511 2281 547 2338 et
575 2265 777 2362 opulentae,
809 2294 903 2373 quae
931 2270 1167 2343 barbarorum
1195 2269 1481 2346 dominationem

307 2391 452 2487 indigne
468 2390 621 2462 serentes
638 2391 819 2463 Graecum
835 2391 977 2483 cultum,
1008 2422 1224 2486 sermonem,
1256 2396 1478 2495 religionem,

307 2515 481 2603 instituta,
527 2541 646 2587 mores
683 2514 834 2589 fideliter
865 2513 1144 2610 sustentabant,v
1174 2539 1211 2594 et
1238 2524 1285 2594 ad
1313 2537 1480 2618 posteros

306 2640 571 2736 propagabant.
595 2642 626 2736 1)
657 2641 695 2711 ln
723 2642 763 2713 iis
792 2642 922 2717 multos
951 2646 1129 2717 exstitisse
1157 2646 1263 2731 viros,
1294 2645 1354 2737 qui
1368 2644 1480 2714 domi·

307 2791 434 2838 norum
461 2790 519 2837 res
550 2782 684 2862 gestas,
726 2766 894 2857 indolem,
926 2784 1100 2853 naturam,
1135 2766 1316 2860 ingenium
1345 2789 1478 2833 memo·

306 2891 381 2963 riae
409 2889 627 2980 tradiderint,
658 2894 737 2990 quis
766 2894 833 2966 erit
860 2891 982 2988 quiin
1011 2889 1157 2962 dubium
1184 2886 1322 2960 vocet?
1442 2891 1444 2893 ’

361 3013 472 3108 Quod
498 3042 589 3114 ergo
614 3043 672 3090 res
698 3018 777 3114 ipsa
801 3017 868 3089 fert
882 3031 920 3089 et
934 3016 1004 3087 iam
1018 3039 1084 3111 per
1097 3040 1138 3086 se
1152 3013 1238 3086 satis
1252 3012 1479 3113 perspicuum

308 3156 381 3229 est,
423 3141 460 3212 id
487 3157 676 3237 praeterea
704 3128 932 3215 confirmatur
959 3165 982 3212 a
1007 3139 1127 3212 Dione
1153 3138 1299 3228 Cassio,
1330 3138 1389 3235 qui
1417 3161 1482 3208 sua

282 3280 429 3350 aetate
468 3264 653 3360 complura
695 3266 742 3338 de
783 3266 955 3338 Parthicis
980 3265 1087 3337 rebus
1111 3264 1245 3361 scripta
1269 3261 1481 3335 circumferri

308 3405 460 3463 testatus
487 3404 551 3461 est.
583 3387 656 3459 DlO
677 3388 777 3459 Cass,
806 3390 887 3476 XL,
915 3412 956 3480 15
980 3417 986 3460 2
1013 3404 1089 3473 περὶ
1101 3402 1165 3469 μὲν
1175 3387 1237 3455 οὖν
1248 3403 1310 3455 τοῦ
1320 3418 1356 3453 τε
1365 3398 1483 3469 γένους

240 3488 242 3491 -
309 3530 366 3582 καὶ
400 3515 458 3597 τῆς
491 3524 603 3599 χώρας
628 3527 687 3595 τῆς
714 3541 751 3579 τε
780 3522 949 3593 ἰδιότητος
976 3526 1045 3580 τῶν
1070 3521 1344 3593 ἐπιτηδευμάτων
1371 3520 1484 3582 αὐτῶν

256 3625 263 3634 “
293 3644 450 3710 πολλοῖς
468 3658 505 3695 τε
523 3636 653 3713 εἴρηται
671 3640 728 3693 καὶ
746 3632 812 3708 ἐγώ
832 3633 895 3691 οὐκ
912 3633 950 3693 ἐν
966 3636 1079 3708 γνώμῃ
1097 3639 1260 3705 ποιοῦμαι
1281 3637 1483 3710 συγγράψαι.

310 3758 414 3830 Haec
442 3784 554 3854 opera
583 3758 703 3831 omnia
730 3758 759 3830 si
791 3772 951 3829 aetatem
976 3755 1154 3847 tulissent,
1184 3757 1281 3830 haud
1306 3757 1483 3855 improba·

310 3883 427 3958 biliter
471 3884 735 3957 offenderemus
777 3880 954 3971 nonnulla,
1002 3908 1097 3979 quae
1138 3883 1238 3979 parvi
1276 3880 1334 3989 vel
1360 3880 1484 3954 nullius

312 4006 433 4081 essent
461 4008 583 4104 pretii,
615 4035 780 4106 quaeque
809 4005 1013 4081 redolerent
1038 4006 1135 4080 sutile
1161 4006 1243 4081 illud
1272 4024 1308 4079 et
1326 4008 1485 4103 ineptum

313 4133 561 4205 historicorum
598 4158 733 4229 genus,
762 4133 861 4230 quod
890 4134 1017 4206 merito
1047 4159 1069 4206 a
1095 4132 1255 4205 Luciano
1288 4136 1322 4229 2)
1354 4133 1486 4204 acerba

313 4258 426 4330 ironia
453 4272 615 4329 notatum
644 4272 753 4353 atque
778 4254 968 4352 explosum
996 4273 1061 4329 est.
1121 4257 1196 4330 Sed
1224 4258 1259 4329 in
1283 4257 1485 4329 universum

354 4500 376 4557 ι)
394 4497 456 4545 Prae
474 4496 591 4545 omnibus
610 4494 725 4545 Seleucia
743 4495 841 4544 Graeco
860 4493 930 4545 cultu
950 4502 974 4544 et
992 4496 1083 4561 opibus
1093 4493 1291 4543 florebat.·vide
1300 4492 1379 4543 Tacit.
1392 4492 1486 4543 Annal.

314 4588 360 4646 VI,
378 4599 421 4647 42,

351 4680 375 4740 2)
394 4677 498 4727 Lucian.
525 4679 584 4740 πῶς
604 4679 653 4731 δεῖ
667 4673 793 4747 ἱστορίαν
813 4673 995 4745 συγγράφειν.
