3292 5259
884 362 920 418 74

312 534 399 606 rent,
434 515 737 614 propulsarentur.
795 516 879 588 Hoc
920 541 1065 614 quoque
1107 541 1211 588 anno
1252 542 1359 590 nemo
1397 534 1482 607 erat,

310 643 370 740 qui
392 641 433 714 in
452 641 572 741 Crassi
591 638 710 713 locum
729 636 923 736 proconsul
951 639 986 711 in
1012 639 1155 735 Syriam
1174 639 1384 729 mitteretur,
1414 667 1485 738 quo

312 768 444 840 lactum
476 781 543 854 est,
579 779 617 836 ut
650 789 745 837 anno
774 786 833 856 51.
850 764 997 838 demum
1026 760 1149 836 Cilicia
1176 778 1213 836 et
1242 764 1347 860 Syria
1375 781 1486 838 novos

214 877 217 882 ’
312 891 515 987 acceperint
542 905 711 977 rectoreS,
741 887 791 960 M.
828 885 985 959 Tullium
1019 887 1232 961 Ciceronem
1264 904 1301 961 et
1327 890 1379 962 M.
1411 887 1486 962 Cal-

311 1014 476 1111 purnium
512 1012 688 1102 Bibulum,
729 1038 882 1110 quorum
921 1010 1018 1085 alter.
1049 1012 1252 1102 duodecim,
1288 1011 1379 1087 alter
1406 1029 1488 1086 octo

312 1140 412 1212 annis
439 1155 523 1212 ante
552 1136 775 1212 consulatum
802 1153 979 1233 gesserat.
1037 1137 1144 1231 Quae
1182 1137 1310 1211 fuerint
1347 1163 1486 1227 causae,

312 1291 373 1338 cur
414 1279 565 1361 praeter·
597 1287 737 1335 morem
768 1261 804 1338 hi
832 1263 907 1351 viri,
938 1262 998 1360 qui
1026 1261 1201 1336 consulari
1229 1288 1377 1337 munere
1410 1288 1489 1336 con-

312 1391 407 1464 secto
449 1389 669 1487 provinciam
704 1402 808 1461 erant
841 1388 1031 1483 aspernati,
1072 1412 1163 1459 nunc
1195 1413 1283 1461 vero
1321 1403 1413 1485 post'
1436 1402 1490 1460 tot

312 1537 487 1587 annorum
525 1510 749 1585 intervallum
789 1513 824 1583 in
862 1512 1082 1608 provinciam
1124 1512 1294 1600 abierint,
1336 1511 1491 1585 breviter

313 1638 396 1711 milri
425 1609 609 1734 expon'ere
639 1635 754 1708 liceat.

365 1758 722 1835 Senatusconsultum
766 1760 813 1833 de
850 1759 1040 1856 provinciis
1075 1760 1157 1832 anni
1196 1782 1257 1853 53,
1288 1761 1389 1858 quod
1417 1776 1490 1833 tum

293 1903 430 1962 ,ratum
469 1912 541 1959 non
583 1901 661 1959 erat
702 1887 845 1974 sactum,
883 1883 973 1990 lege
1011 1885 1130 1958 sanxit
1171 1886 1375 1983 Pompeius,
1422 1889 1492 1983 qua'

316 2027 459 2084 cautum
488 2028 554 2099 est,
586 2036 632 2084 ne
659 2013 748 2108 quis,
781 2012 841 2108 qui
867 2010 902 2082 in
931 1996 1020 2082 urbe
1040 2010 1291 2108 magistratum
1307 2011 1490 2108 gessisset,

315 2135 519 2231 provinciae
561 2136 748 2231 praeesset
788 2134 854 2206 nisi
890 2149 975 2231 post
1002 2134 1159 2232 quinque
1186 2159 1362 2207 annorum
1392 2137 1492 2208 inter·

316 2257 464 2347 vallum,
496 2273 613 2345 εἴπας
643 2311 688 2323 .-
716 2275 756 2331 ut
784 2260 914 2332 Dionis
941 2261 1054 2332 verba
1091 2257 1241 2332 afferam
1269 2305 1320 2314 -ω
1348 2273 1414 2335 ὑπὸ
1432 2281 1493 2334 τοῦ

315 2394 362 2464 μὴ
395 2395 585 2467 παραυτίκα
610 2393 664 2461 ἐν,
682 2395 824 2464 δυνάμει
848 2400 915 2470 τινὶ
941 2393 1065 2467 αὐτοὺς
1099 2399 1274 2468 γίγνεσθαι
1307 2397 1493 2454 παύσαιντο

317 2525 620 2595 σπουδαρχοῦνιες.
645 2509 679 2601 1)
722 2504 844 2601 Saepe
886 2505 981 2578 enim
1018 2504 1208 2594 candidati,
1240 2521 1279 2577 ut
1306 2505 1489 2592 haberent,

316 2656 390 2728 quo
417 2629 649 2727 largitionum
675 2629 845 2725 impensis
872 2628 1079 2701 satisfacere
1107 2645 1267 2725 possent,
1299 2629 1333 2701 in
1353 2629 1493 2727 grande

317 2754 513 2827 inciderunt
541 2781 604 2827 aes
630 2751 794 2841 alienum,
823 2754 918 2826 unde
947 2769 985 2825 ut
1010 2754 1266 2849 expedirentur
1292 2773 1329 2826 et
1357 2752 1491 2839 lucrum

317 2880 460 2976 insuper
495 2879 662 2968 lacerent,
693 2877 930 2974 provinciales
959 2879 1088 2951 misere
1116 2877 1276 2975 expilare
1304 2877 1488 2966 solebant,

316 3005 369 3076 sin
397 3020 519 3077 autem
546 3029 631 3100 spes
657 3003 866 3100 quaestuosi
893 2999 1118 3099 provincialis
1132 3005 1289 3077 muneris
1304 3004 1338 3075 in
1348 3021 1489 3078 sextum

316 3153 448 3200 annum
484 3129 712 3225 proferretur,
752 3127 849 3199 haud
875 3127 1022 3200 dubium
1050 3144 1137 3217 erat,
1169 3129 1253 3225 quin
1280 3145 1378 3201 esset
1406 3131 1489 3201 futu-

316 3277 405 3340 rum,
443 3268 482 3324 ut
517 3251 617 3324 multi
654 3254 701 3325 ab
744 3252 875 3325 insanis
909 3250 1166 3348 largitionibus,
1208 3251 1265 3325 vel
1295 3255 1441 3327 omnino
1469 3279 1490 3325 a

317 3375 592 3472 magistratuum
615 3358 807 3472 'petitione
839 3375 1107 3448 deterrerentur
1136 3379 1185 3473 2).
1217 3377 1273 3450 Ea
1299 3376 1359 3450 lex
1381 3403 1489 3475 quum

317 3499 506 3573 manifesto
534 3524 607 3572 non
634 3514 719 3571 ante
737 3497 1017 3594 quinquennium
1032 3501 1104 3571 vim
1120 3516 1156 3572 et
1171 3501 1339 3574 effectum
1356 3501 1490 3576 habere

315 3640 450 3720 posset,
495 3649 607 3720 penes
646 3639 811 3706 senatum
840 3648 923 3694 cura
960 3624 1067 3697 fuisse
1096 3625 1245 3708 videtur,
1277 3652 1349 3722 quo
1379 3627 1490 3700 modo

326 3836 521 3849 -————ae

354 3989 379 4049 1)
398 3985 436 4034 Cf.
457 3986 509 4033 Dio
529 3986 584 4045 XL,
603 3985 648 4046 46,
668 3985 710 4048 56.
732 3985 834 4048 Vitium,
846 3988 919 4036 traxit
941 3989 1005 4037 alius
1024 3989 1095 4037 locus
1118 3990 1220 4048 Dionis,
1241 3991 1283 4040 ubi
1303 3991 1487 4041 idemseuatus·

315 4076 458 4124 consultum
477 4076 592 4138 attingit:
612 4075 668 4132 XL,
688 4088 738 4136 30:
759 4066 817 4141 ἅμα
836 4069 867 4126 δὲ
886 4066 1001 4134 oritoni>
1022 4071 1155 4142 Πάκορος
1173 4072 1391 4144 ἀνεκεχωρήνει,
1409 4064 1485 4130 καὶὸ

317 4161 451 4231 Βίβουλος
463 4156 555 4227 ἄρξων
574 4161 623 4228 τῆς
641 4161 750 4226 Συρίας
768 4155 899 4226 ἄφίκετο,
917 4179 934 4211 ν
944 4178 963 4212 α
973 4161 987 4212 ί
991 4178 1012 4212 π
1023 4178 1035 4212 ε
1046 4179 1061 4226 ρ
1080 4155 1152 4228 ἔψη
1164 4180 1185 4228 φ
1199 4179 1261 4230 ισμ
1273 4159 1286 4215 ε’
1293 4181 1336 4226 νο
1347 4183 1363 4215 υ
1381 4159 1489 4232 μηδένα

315 4244 383 4314 μήτε
399 4243 554 4313 στρατηγόν
577 4239 645 4313 μήθ’
664 4238 775 4296 ὕπατον
789 4240 858 4312 μήτε
878 4238 969 4303 εὐθὺς
984 4241 1052 4312 μήτε
1070 4240 1124 4310 πρὸ
1147 4243 1276 4312 πέμπτου
1295 4242 1375 4306 ἔτους
1395 4240 1423 4306 ἐς
1440 4239 1488 4303 τὰς

316 4329 366 4395 ἔξω
394 4325 545 4399 ἡγεμονίας
575 4323 691 4390 ἒςιὲναι,
715 4327 762 4380 ἵνα
788 4324 825 4396 μὴ
855 4323 903 4380 διὰ
935 4329 1018 4381 τοῦτο
1038 4330 1283 4398 σπουδαρχοῦντες
1300 4327 1485 4394 στασιάζωσιν.

316 4419 402 4467 Verbo
428 4416 530 4481 καίπερ
548 4417 723 4482 pessumdatur
741 4416 872 4475 sententia,
892 4433 967 4480 quam
986 4417 1036 4464 hoc
1054 4417 1134 4464 modo
1161 4419 1289 4467 restituere
1307 4419 1369 4466 milri
1387 4417 1489 4465 videar:

316 4503 385 4556 καὶ
402 4501 471 4573 γὰρ
491 4498 775 4571 ἐψηφισμένον
791 4493 828 4570 ἦν
845 4501 954 4570 μηδένα
972 4504 1028 4554 κτλ.
1048 4505 1150 4554 Etenim
1170 4506 1226 4570 lege
1237 4514 1336 4556 cautum
1347 4514 1404 4566 erat,
1415 4521 1487 4554 ne...

351 4608 375 4660 2)
407 4599 482 4647 Hanc
509 4599 593 4661 legem
622 4595 690 4643 haud
718 4594 801 4642 minus
828 4593 948 4644 adversus
978 4596 1110 4644 Caesarem
1141 4612 1215 4660 quant
1234 4596 1352 4645 adversus
1371 4594 1488 4644 ambitum

312 4686 388 4735 latam
408 4703 471 4746 esse,
491 4686 586 4751 optime
606 4683 788 4733 demonstravit
808 4682 984 4731 Mommsenus
1005 4684 1073 4736 HR.
1095 4684 1143 4732 Ill.
1166 4695 1226 4746 347.
1401 4661 1411 4672 .
