3292 5259
737 333 773 389 33

218 488 305 559 Post
331 486 514 586 ingentem
542 510 652 583 quarn
671 484 719 557 ad
734 484 998 581 Tigranocerta
1016 483 1180 557 Armenii
1194 510 1342 580 accepe-

165 626 246 683 runt
273 608 423 699 cladem,
452 610 632 705 Tigranes
660 610 767 681 rebus
787 608 989 704 desperatis
1004 634 1183 681 summam
1202 609 1341 705 imperii

165 758 295 805 socero
319 732 516 804 Mithridati
544 731 716 827 permisit.
747 731 846 803 Dum
874 731 931 804 hic
958 756 1036 828 per¹
1053 747 1168 805 totum
1188 758 1341 829 regnum

166 854 344 929 delectum
396 856 490 953 agit,
526 881 640 929 novas
672 856 797 952 copias
833 852 988 945 exercet,
1030 856 1152 929 omnia
1186 856 1340 953 denique

167 979 329 1075 impenso
356 978 475 1069 studio
504 976 655 1067 molitur,
685 980 813 1076 quibus
842 980 979 1051 maiore
999 979 1170 1052 victoriae
1184 1006 1249 1075 spe
1269 976 1340 1051 bel-

166 1102 237 1174 lum
279 1103 443 1179 renovari
469 1118 506 1175 et
531 1102 736 1198 turpissima
762 1101 883 1175 clades
912 1100 981 1174 elui
1008 1118 1144 1197 posset,
1176 1104 1252 1199 ipse
1280 1103 1341 1174 Ti-

164 1251 296 1323 granes
323 1252 597 1325 quoquoversus
633 1226 740 1298 mittit
765 1224 919 1321 legatos,
949 1227 1009 1324 qui
1037 1243 1167 1321 gentes
1182 1227 1341 1299 Orientis

165 1336 213 1422 in*
227 1376 456 1423 communem
483 1350 627 1423 hostem
654 1350 884 1423 concitarent.
915 1351 976 1423 Sic
1004 1351 1051 1423 ad
1070 1352 1240 1424 Parthum
1255 1377 1341 1449 quo·

165 1500 236 1572 que
267 1475 401 1547 nunciis
430 1501 473 1547 ac
500 1472 626 1547 litteris
653 1475 769 1547 missis
797 1473 881 1547 nihil
909 1502 981 1549 non
1009 1473 1186 1572 pollicitus
1214 1491 1280 1564 cst,
1310 1476 1340 1548 si

166 1599 275 1694 ipsius
315 1599 476 1695 partibus
495 1660 496 1665 ,
512 1598 710 1696 adiungere
746 1624 829 1671 sese
863 1597 987 1689 vellet3
1019 1600 1337 1695 Mesopotamiam,

165 1722 390 1811 Adiabenen,
422 1731 584 1818 magnas
615 1747 709 1820 quae
738 1723 911 1811 dicuntur,
942 1721 1139 1811 convalles3
1166 1723 1355 1821 quidquid-

164 1847 318 1944 denique
346 1846 498 1919 Parthici
524 1847 663 1942 imperii
691 1844 787 1919 bello
812 1861 897 1918 ante
911 1846 1149 1943 acquisiverat
1163 1871 1244 1919 sese
1259 1846 1338 1919 red-

89 1948 97 1963 ·
164 1971 319 2043 diturum
351 1971 533 2067 professus
561 1985 626 2042 est.
660 1970 692 2063 1)
720 1970 839 2042 Probe
861 1969 1110 2058 enimsciebat
1134 1970 1336 2063 Phraatem

164 2111 203 2168 ut
229 2096 290 2193 qui
318 2094 584 2167 infestissimum
611 2093 646 2165 in
675 2093 870 2165 Armenios
896 2093 1053 2165 animum
1081 2093 1242 2177 haberet,
1271 2094 1337 2166 nisi

164 2243 321 2314 magnae
348 2218 524 2291 mercedis
551 2243 618 2314 spe
644 2217 833 2312 proposita
861 2242 1088 2315 nequaquam
1115 2219 1163 2290 ad
1181 2216 1264 2292 belli
1283 2244 1340 2290 so·

164 2344 331 2415 cietatem
350 2368 458 2438 posse
474 2339 616 2437 impelli.
646 2340 783 2412 Verum
795 2365 840 2413 ne
856 2340 946 2413 haec
961 2341 1108 2438 quidem
1122 2342 1209 2415 satis
1224 2356 1336 2414 erant.

164 2466 304 2561 Spretis
338 2466 510 2561 speciosis
548 2465 622 2537 istis
661 2464 938 2554 condicionibus
978 2466 1054 2538 sive
1085 2465 1184 2563 quod
1211 2491 1339 2562 parum
1383 2521 1387 2529 .

162 2589 246 2662 fidei
274 2590 319 2662 iis
342 2590 511 2677 habebat,
539 2614 604 2661 seu
633 2633 683 2643 —
712 2588 810 2686 quod
825 2589 912 2661 'veri
939 2586 1085 2660 similius
1114 2604 1170 2661 est
1189 2589 1339 2687 -quia

161 2729 246 2808 post
270 2711 495 2809 splendidam
522 2710 617 2784 illam
645 2712 693 2785 ad
717 2712 983 2808 Tigranocerta
999 2712 1186 2784 victoriam
1205 2713 1339 2785 Roma·

162 2862 228 2909 nus
254 2838 430 2909 exercitus
457 2852 633 2911 terrorem
661 2835 727 2931 ipsi
752 2836 955 2923 incutiebat,
986 2860 1067 2906 cum
1086 2834 1235 2907 Lucullo
1254 2835 1339 2908 ami-

163 2961 283 3031 citiam
310 2976 347 3031 ct
375 2960 587 3031 societatem
609 2959 800 3045 coniunxit,
818 2983 874 3044 ea,
893 2973 932 3030 ut
944 2957 1096 3045 videtur,
1115 2958 1336 3039 condicione,

164 3098 203 3153 ut
228 3082 432 3176 Euphrates
461 3098 558 3153 esset
581 3081 659 3152 finis
685 3080 899 3153 Parthorum
927 3080 1075 3175 imperii.
1107 3083 1142 3174 2)

219 3204 394 3276 Attamen
429 3200 539 3299 longe
568 3204 696 3275 aberat
721 3218 759 3275 ut
784 3204 915 3276 uberes
940 3202 1071 3274 fructus
1096 3201 1263 3275 Lucullus
1292 3231 1339 3278 ex

146 3330 232 3401 'hoc
269 3328 417 3401 foedere
453 3326 665 3423 perciperet.
706 3326 789 3399 Non
816 3327 911 3398 enim
937 3352 1062 3399 amore
1087 3328 1238 3399 n'ominis
1266 3329 1338 3400 Ro·

163 3453 258 3525 mani
281 3476 399 3549 neque
423 3450 509 3523 odio
537 3450 707 3546 Tigranis
722 3449 855 3521 sactum
870 3465 936 3537 est,
953 3465 992 3521 ut
1005 3465 1151 3546 pactum
1166 3450 1338 3523 Phraates

163 3578 275 3665 iniret,
313 3602 380 3649 nec
417 3600 575 3673 unquam
603 3574 660 3646 hic
685 3573 719 3644 in
752 3574 910 3646 animum
938 3573 1056 3668 potuit
1081 3572 1270 3663 inducere,
1301 3592 1340 3647 ut

200 3829 226 3900 1)
253 3831 379 3880 Memnon
404 3831 481 3896 (apud
506 3830 632 3887 Photium‚
652 3828 710 3887 cod.
731 3841 791 3889 224,
811 3829 852 3877 ed.
874 3829 935 3878 Bek.
953 3844 1011 3892 pag.
1032 3830 1111 3889 239):
1131 3822 1145 3879 ὁ
1166 3824 1198 3880 dl
1216 3829 1280 3891 (scil.
1298 3830 1338 3877 Ti-

162 3923 261 3985 granes)
289 3913 384 3969 πάντα
409 3917 447 3987 τῷ
466 3911 633 3984 Μιθριδάτῃ
652 3910 808 3979 ἐπέτρεπεν
827 3909 859 3967 ἔν
876 3933 906 3967 τε
925 3915 962 3985 τῷ
981 3917 1101 3986 γενναίῳ
1119 3914 1167 3968 nod
1185 3914 1290 3984 συνετῷ
1306 3911 1336 3965 τὸ

162 4004 249 4059 πλέον
276 4002 367 4072 νέμων
394 3998 470 4074 αὐτῷ
501 4001 549 4055 ιιαὶ
578 4002 681 4068 μᾶλλον
700 3996 813 4068 ἀνέχειν
833 3999 874 4061 εἰς
891 3997 941 4054 τὸν
959 3997 1030 4068 πρὸς
1044 3998 1197 4070 Ῥωμαίους
1214 4000 1338 4069 πόλεμον

162 4087 318 4161 δυνάμενα.
337 4075 435 4148 adet?
442 4083 473 4140 δὲ
492 4082 563 4154 πρὸς
579 4082 629 4138 τὸν
649 4082 770 4152 Πάρθον
783 4083 917 4153 Φραάτην
928 4083 1147 4158 διεπρεσβεύετο
1158 4089 1338 4152 παραχωρεῖν

162 4171 239 4247 αὐτῷ
265 4170 316 4242 τὴν
334 4171 559 4239 Μεσοποταμίαν
576 4168 625 4222 καὶ
643 4165 694 4237 τὴν
710 4166 876 4242 Ἀδιαβηνὴν
893 4169 942 4223 ιιαλ
959 4166 1025 4231 τοὺς
1042 4167 1183 4238 μεγάλους
1201 4164 1337 4228 αὐλῶνας.

161 4264 270 4327 Magnae
288 4261 426 4319 convalles,
446 4260 478 4307 de
497 4257 586 4323 quibus
604 4256 646 4305 hic
664 4256 752 4320 agitur,
773 4257 842 4305 haud
862 4257 939 4328 dubie
953 4259 1057 4307 eaedem
1066 4264 1123 4307 sunt
1133 4265 1207 4320 atque
1218 4250 1247 4306 οἷ
1255 4246 1336 4322 ἕβδο-

162 4346 287 4417 μήνοντα
309 4342 442 4408 αὐλῶνες,
458 4362 519 4411 quas
539 4345 628 4395 Strabo
648 4352 736 4393 auctor
755 4353 791 4393 est
810 4345 873 4392 olim
891 4362 907 4394 a
925 4346 1034 4409 Tigrane
1044 4346 1141 4404 Parthis
1151 4361 1205 4393 esse
1215 4344 1335 4392 ademtas.

199 4434 225 4505 ε)
245 4436 283 4484 Cs.
312 4436 363 4483 Dio
393 4435 491 4483 Cassius
524 4444 566 4496 37,
593 4443 626 4496 5:
646 4426 726 4484 ιιαλὸ
746 4426 797 4497 μὲν
814 4426 961 4496 Ἀφράνιος
979 4427 1026 4483 διά
1046 4431 1095 4497 τῆς
1114 4430 1337 4496 Μεσοποταμίας

163 4519 191 4581 ἐς
215 4518 266 4589 τὴν
292 4521 402 4585 Συρίαν
429 4516 532 4585 παρά
560 4514 602 4573 τά
630 4520 877 4586 συγκείμενα
903 4514 998 4583 πρὸς
1024 4513 1090 4569 τὸν
1108 4512 1272 4582 Πάρθον
1290 4535 1336 4568 ιιο-

162 4602 307 4673 μιξάμενος
326 4598 482 4671 ἐπλανήθη.
