3292 5259
859 294 894 349 18

338 458 410 552 Qui
438 476 523 555 post
541 486 624 533 eum
643 460 772 533 iisdem
786 462 894 533 rebus
908 476 1089 549 vacarunt,
1106 459 1279 550 Mionnet,
1298 459 1463 550 Pellerin,

285 583 457 673 Visconti,
506 610 727 683 quamquam
772 581 885 657 multo
931 585 1105 669 maiorem
1141 582 1364 680 diligentiam
1395 611 1482 658 eost

224 800 226 806 ι
282 711 490 786 adhibuisse
536 708 777 781 confitendum
823 725 899 797 est,
946 733 1018 781 non
1063 725 1185 781 tamen
1220 734 1261 780 se
1289 709 1336 780 ab
1364 709 1464 780 omni

285 838 459 911 audaciae
505 833 609 931 culpa
648 850 808 907 remotos
843 834 1106 930 praestiterunt.
1164 834 1213 905 Hi
1241 859 1386 932 quoque
1414 860 1463 905 eo

265 1020 266 1024 ,
286 962 415 1035 morbo
443 958 618 1047 laborant,
650 974 688 1031 ut
716 984 835 1031 rerum
853 984 944 1055 quas
962 972 1116 1030 tractant
1135 958 1341 1030 obscuritati
1359 957 1463 1030 vanis

284 1084 497 1157 commentis
525 1107 711 1155 occurrere
739 1097 921 1171 conentur,
947 1082 1046 1180 quod
1065 1083 1236 1178 imprimis
1255 1082 1463 1178 adparetin

283 1210 393 1282 rebus
412 1206 682 1305 chronologicis.
713 1208 827 1280 Suum
847 1208 974 1305 cuique
993 1208 1087 1280 sacto
1107 1233 1238 1279 annum
1252 1222 1462 1309 promptum

285 1351 324 1407 et
341 1351 508 1430 paratum
521 1333 674 1422 habent,
708 1332 800 1405 sitne
814 1357 921 1404 verus
936 1356 981 1403 an
996 1329 1115 1418 salsus,
1143 1331 1180 1403 id
1194 1332 1309 1403 minus
1324 1346 1457 1403 curant.

286 1459 405 1554 Supra
432 1458 504 1529 iam
530 1456 684 1529 vidimus
713 1482 822 1554 quam
850 1471 987 1528 temere
1012 1435 1144 1527 versati
1169 1455 1298 1527 sintin
1326 1455 1480 1553 Mithrig

286 1580 380 1652 datis
406 1580 531 1653 mortis
559 1594 724 1675 tempore
753 1577 967 1650 definiendo.
995 1579 1143 1650 Addam
1169 1576 1320 1651 altemm
1339 1604 1460 1651 exem-

286 1703 395 1801 plum.
426 1704 615 1777 Phra'atem
635 1704 689 1793 lll,
717 1703 947 1775 Sanatroecis
965 1721 1232 1791 successorem,¹
1252 1728 1274 1777 a
1292 1701 1369 1774 filiis
1387 1703 1460 1775 suis

287 1831 510 1903 interfectum
529 1854 610 1902 esse
629 1828 715 1900 satis
734 1841 885 1899 constat.
916 1826 956 1897 Si
974 1826 1164 1923 quaeritur,
1190 1851 1263 1923 quo
1283 1851 1376 1898 anno
1390 1824 1459 1897 hoc

286 1955 513 2051 parricidium
540 1967 787 2049 perpetratum
815 1952 870 2037 sit,
902 1950 1071 2048 equidem
1096 1950 1194 2022 iuxta
1213 1975 1294 2020 cum
1313 1949 1460 2045 ignaris·

285 2079 384 2151 simis
398 2078 535 2150 nescire
550 2102 609 2149 me
623 2077 753 2166 fateor,
775 2067 888 2147 nullus
902 2090 1022 2148 exstat
1036 2099 1153 2171 neque
1168 2099 1332 2145 nummus
1342 2098 1460 2171 neque

287 2216 422 2290 auctor,
453 2202 512 2299 qui
540 2200 609 2272 hoc
635 2199 832 2272 memoriae
857 2198 1065 2295 prodiderit.
1124 2198 1223 2291 Quid
1247 2213 1369 2270 autem
1395 2197 1460 2269 viri

288 2326 408 2399 docti?
437 2325 582 2397 Dixeris
610 2324 695 2414 sere,
722 2320 901 2420 piaculum
920 2349 984 2396 eos
1002 2323 1180 2411 habuisse,
1208 2322 1238 2394 si
1257 2348 1366 2420 quem
1384 2320 1460 2393 sine

289 2476 383 2523 anno
398 2449 522 2521 mortis
538 2448 759 2520 induxissent
774 2448 807 2519 in
821 2448 951 2520 seriem
966 2446 1231 2535 Arsacidarum,
1260 2471 1344 2517 nam
1358 2445 1460 2542 quasi

286 2600 345 2647 res
364 2575 409 2647 sit
423 2574 520 2645 omni
534 2574 644 2646 dubio
659 2598 783 2659 vacua,
812 2572 903 2645 miro
919 2597 1094 2644 consensu
1110 2595 1235 2644 omnes
1249 2568 1460 2666 profitentur

279 2700 490 2795 perdecem
518 2724 631 2770 annos
658 2698 850 2770 Phraatem
881 2722 1034 2792 regnum
1062 2696 1267 2782 obtinuisse,
1311 2695 1457 2790 eiusque

288 2820 439 2895 caedem
458 2821 566 2916 igitur
584 2846 678 2893 anno
699 2827 749 2892 60
768 2822 998 2894 commissam
1017 2846 1108 2893 esse.
1137 2820 1214 2893 Sed
1232 2820 1339 2891 risum
1353 2817 1454 2915 plane
1496 2842 1501 2848 ·

288 2961 411 3018 movet
439 2943 508 3017 alia
535 2970 603 3032 res
632 2970 741 3042 quam
767 2944 814 3017 de
841 2945 973 3018 eodem
996 2945 1065 3017 hoc
1085 2945 1244 3041 principe
1261 2943 1397 3039 fingunt
1409 2939 1456 3011 de

287 3051 363 3157 suo.
400 3067 593 3140 Affirmant
627 3067 760 3142 scilicet
793 3114 845 3124 -
877 3084 914 3141 et
941 3067 1169 3141 Vaillantium
1195 3070 1230 3139 in
1255 3094 1301 3141 eo
1326 3067 1460 3139 habent

287 3191 417 3263 ducem
443 3233 493 3244 —
521 3193 592 3264 iam
618 3192 701 3264 vivo
727 3208 832 3287 patre
857 3192 1048 3265 Phraatem
1076 3193 1109 3263 in
1129 3192 1231 3288 regni
1249 3192 1461 3264 societatem

287 3340 369 3387 esse
400 3330 596 3410 receptum,
633 3316 681 3388 ad
713 3317 812 3413 quod
844 3317 1071 3413 probandum
1106 3331 1235 3389 testem
1260 3314 1461 3411 producunt

288 3435 493 3509 Sallustium
522 3438 556 3509 in
581 3437 797 3510 Mithridatis
817 3437 971 3536 epistola
989 3440 1036 3512 ad
1055 3465 1181 3536 regem
1195 3441 1368 3512 Arsacen.
1397 3440 1462 3511 Sin

287 3576 408 3633 autem
433 3560 569 3634 litteras
597 3540 808 3657 perlegeris,
845 3544 1120 3652 animadvertes
1148 3564 1230 3635 inde
1259 3589 1305 3635 ne
1329 3560 1461 3635 levissi-

287 3708 386 3754 mum
412 3683 557 3780 quidem
583 3684 657 3756 erui
671 3709 781 3780 posse
796 3684 972 3775 indicium,
1003 3665 1101 3784 quod
1115 3688 1322 3784 opinionem
1336 3712 1463 3760 eorum

286 3880 368 3945 l’aljet
385 3880 415 3929 de
432 3899 475 3930 nos
493 3885 641 3943 rechercher,
661 3895 695 3934 est
712 3888 734 3935 le
754 3892 830 3935 me‘rne
848 3906 895 3953 que
913 3886 979 3937 celu'z'
994 3889 1055 3937 dont
1063 3892 1143 3954 parle
1171 3890 1273 3949 Lucien,
1293 3900 1317 3938 et
1338 3890 1464 3955 quive'cut

279 3972 386 4034 J'rrsqtc’d
416 3970 449 4019 86
467 3970 540 4025 ans.’'
568 3974 645 4040 Quid,
666 3992 769 4039 quaeso,
791 3977 904 4029 divinare
928 3986 970 4037 est,
991 3979 1011 4027 si
1030 3980 1080 4028 hoc
1106 3995 1158 4027 non
1187 3982 1240 4028 cst?
1262 3979 1353 4029 Postea
1371 3981 1461 4044 reperti

287 4065 344 4107 sunt
362 4058 404 4106 alii
424 4060 520 4108 nummi
539 4061 650 4111 eiusdem
669 4064 774 4127 generis,
795 4066 840 4114 sed
853 4066 966 4114 melioris
982 4074 1063 4127 notae,
1081 4068 1149 4117 unde
1158 4068 1265 4132 intelligi
1274 4076 1365 4133 potest,
1384 4045 1461 4132 quan-

286 4153 339 4194 tum
366 4161 381 4193 a
406 4162 488 4211 scopo
516 4146 665 4199 aberraverit
695 4152 733 4199 vir
761 4154 929 4204 doctissimus.
949 4154 1040 4216 ,Quem
1068 4156 1136 4204 enim
1155 4158 1250 4205 vultum
1278 4156 1461 4206 adolescentuli

287 4250 341 4283 esse
359 4236 463 4294 censuit,
482 4236 503 4285 is
521 4252 609 4302 reapse
628 4238 747 4289 feminam
765 4250 940 4306 repraesentat,
969 4242 1074 4292 Musam
1092 4245 1195 4305 scilicet,
1215 4262 1320 4295 uxorem
1341 4246 1462 4305 Phraatis,

286 4320 501 4385 quemadmodum
520 4326 578 4374 satis
598 4334 696 4377 constat
715 4346 744 4377 ex
765 4330 936 4396 inscriptione,
957 4348 1022 4396 quae
1041 4333 1067 4380 in
1085 4333 1136 4382 illis
1146 4335 1254 4382 nummis
1265 4335 1358 4383 intacta
1366 4336 1461 4385 evasit:

285 4408 456 4461 ΜΟΤΣΗΣ
472 4413 634 4479 Βασιλισσης
656 4414 754 4466 &EAS
772 4416 970 4469 ΟΤΡΑΝΙΑΣ.
980 4421 1052 4469 'Hoc
1067 4422 1185 4486 exemplo
1196 4421 1259 4470 nihil
1270 4423 1363 4487 opinor
1372 4424 1461 4473 melius

286 4499 369 4559 docet,
388 4517 464 4564 quam
483 4502 548 4551 cauti
571 4520 625 4553 esse
644 4504 780 4553 debeamus
799 4506 825 4553 in
844 4506 1005 4557 admittendis
1024 4510 1173 4558 coniecturis
1192 4526 1256 4573 quae
1275 4510 1337 4559 solis
1352 4513 1461 4560 nummis

286 4587 405 4635 nituntur.
