3292 5259
284 537 424 602 Dionem
461 538 619 617 Cassium,
657 542 830 618 Iustinum,
862 543 1018 607 Flavium
1042 545 1223 627 Iosephnm,
1252 546 1458 626 Strabonem,

224 672 226 677 ’
283 655 440 719 habebam
470 656 682 722 Plutarchum
706 661 740 723 in
763 660 841 724 vitis
862 662 1001 737 Luculli,
1030 661 1154 738 Crassi,
1177 664 1316 727 Antonii
1339 665 1461 746 copiose

282 793 335 835 res
356 774 531 837 Parthicas
551 788 770 855 enarrantem,
795 778 954 842 habebam
981 778 1175 852 Ciceronem,
1187 779 1278 843 cuius
1292 781 1326 843 in
1343 780 1460 846 Cilicia
1510 826 1515 833 ·

282 896 421 975 scriptae
456 894 616 978 epistolae,
645 898 765 978 plenae
787 897 870 959 istae
891 896 1043 959 Parthici
1074 898 1212 974 timoris,
1236 909 1374 981 gratam
1397 899 1461 963 dis·

282 1012 415 1073 serendi
446 1012 621 1076 materiam
655 1013 740 1076 inihi
763 1013 978 1094 praebebant,
1014 1012 1174 1077 habebam
1212 1014 1349 1098 denique
1371 1015 1466 1079 Livii

278 1127 459 1210 periochas,
483 1129 630 1206 Floram,
659 1127 823 1207 Orosium,
849 1140 970 1193 ceteros
996 1132 1312 1215 auctores,equibns
1325 1132 1466 1196 Liviani

195 1280 198 1287 ⁴
282 1242 364 1311 libri
385 1247 547 1330 deperditi
566 1249 774 1331 aliquatenus
785 1248 934 1329 suppleri
937 1259 1080 1330 possunt.
1105 1249 1286 1313 Praeterea
1299 1251 1463 1314 versabar

284 1367 317 1429 in
352 1388 387 1429 eo
422 1376 572 1447 tempore,
610 1365 700 1450 quod
730 1366 933 1429 Parthorum
971 1387 1025 1429 res
1058 1367 1192 1431 videbat
1203 1367 1464 1449 florentissimas

282 1486 427 1568 quodque
455 1495 542 1565 prae
572 1485 685 1547 ceteris
718 1496 793 1548 erat
821 1486 963 1549 notabile
1001 1487 1098 1550 vario
1132 1497 1164 1549 et
1187 1488 1364 1570 frequenti
1389 1509 1460 1551 cum

282 1599 442 1663 Romanis
464 1620 524 1663 usn
546 1609 578 1663 et
598 1601 796 1675 commercio,
824 1612 862 1664 ut
870 1602 977 1685 magis
988 1601 1074 1665 mihi
1083 1602 1256 1665 historiam
1269 1603 1461 1666 Romanam

282 1739 380 1802 quam
403 1738 457 1781 res
478 1716 652 1781 Parthicas
673 1728 817 1781 tractare
835 1717 974 1781 viderer.
1002 1716 1110 1795 Quum
1122 1718 1227 1802 igitur
1240 1719 1274 1782 in
1289 1729 1458 1783 anctorum

283 1838 474 1900 testimoniis
514 1836 687 1921 diligenter
723 1837 913 1920 colligendis
945 1838 1082 1901 multum
1107 1837 1233 1901 laboris
1254 1848 1287 1901 et
1308 1838 1462 1918 temporis

284 1956 495 2040 collocassem,
533 1966 698 2036 tantopere
735 1954 821 2017 mihi
850 1955 972 2018 arrisit
992 1957 1071 2019 novi
1091 1956 1282 2038 argumenti
1302 1956 1460 2031 suavitas,

285 2084 322 2135 nl
339 2075 441 2156 'quoa'
462 2075 612 2155 primum
637 2080 668 2139 lv
686 2081 832 2155 παρέργου
851 2082 1050 2155 plantagine
1076 2073 1292 2148 institueram,
1320 2072 1359 2135 id
1379 2079 1460 2154 ἔργον

285 2193 370 2255 mihi
393 2193 542 2255 evaserit.

329 2311 402 2401 Hoc
412 2310 534 2373 scilicet
542 2310 652 2373 animo
663 2310 866 2392 propositum
878 2310 1048 2387 habebam,
1062 2320 1099 2373 ut
1107 2311 1259 2374 omnibus
1271 2311 1463 2373 testimoniis

284 2430 459 2511 diligenter
495 2428 692 2511 conquisitis,
725 2429 901 2510 dispositis,
929 2430 1102 2511 perpensis
1141 2438 1173 2491 et
1193 2438 1362 2492 auctorum
1385 2428 1459 2503 fide,

284 2546 484 2626 auctoritate,
503 2546 656 2625 fontibus
682 2566 780 2629 quam
800 2547 947 2610 inanime
950 2546 1048 2628 potui
1056 2545 1253 2619 diiudicatis,
1266 2554 1461 2624 exponerem

285 2676 316 2729 et
339 2662 543 2728 illustrarem
567 2662 729 2746 quidquid
747 2661 869 2725 Parthi
891 2681 1087 2723 rerumcum
1098 2660 1260 2721 Romanis
1275 2657 1458 2731 habuerint,

285 2804 345 2866 orco
384 2792 525 2863 tempore
562 2778 684 2843 Orodes
714 2790 746 2843 et
765 2778 927 2842 Phraates
950 2778 1005 2842 IV
1021 2775 1176 2839 sederunt
1196 2775 1231 2837 in
1254 2775 1335 2837 solio
1357 2774 1459 2835 Arsa·

284 2901 433 2974 ardorum
485 2898 555 2962 Sed
584 2898 675 2961 ausis
708 2920 759 2961 me
792 2896 951 2960 excidisse
984 2916 1056 2959 cum
1093 2914 1212 2976 magno
1246 2914 1315 2957 meo
1348 2892 1460 2956 dolore

277 3020 443 3103 profiteor.
487 3016 695 3099 Quapropter
718 3015 794 3079 velo
816 3014 1008 3079 contrahere
1029 3023 1155 3078 coactus
1175 3012 1214 3075 id
1232 3023 1357 3076 tantum
1383 3010 1459 3075 reli·

285 3160 384 3225 quum
429 3138 606 3213 habebam,
647 3146 683 3199 ut
732 3158 773 3200 eu
814 3156 936 3219 magna
971 3155 1070 3218 quam
1105 3152 1327 3216 congesseram
1368 3129 1460 3212 copia

285 3257 528 3323 adnotationum
562 3256 732 3340 seligerem
769 3266 801 3319 et
835 3255 869 3317 in
897 3275 996 3317 unum
1021 3263 1137 3334 corpus
1160 3250 1352 3333 redigerem,
1380 3269 1462 3333 quae

285 3376 457 3459 aptissima
483 3375 567 3439 mihi
587 3374 790 3437 videbantur.

327 3490 384 3554 Sic
417 3500 513 3554 natus
543 3499 592 3553 est
622 3498 730 3551 noster
765 3486 905 3561 libellus,
941 3485 995 3548 cui
1028 3504 1126 3566 quam
1158 3482 1265 3544 multa
1291 3502 1408 3544 manca
1431 3489 1464 3543 et

285 3609 406 3673 debilia
430 3609 539 3685 insint,
566 3608 633 3688 ipse
656 3605 801 3669 omnium
823 3603 941 3684 optime
966 3602 1039 3665 scio.
1079 3600 1211 3676 Utinam
1235 3619 1274 3661 ne
1296 3598 1462 3661 tantillum

286 3728 344 3791 hoc
395 3726 582 3807 opusculum
620 3734 764 3806 prorsus
809 3720 981 3805 indignum
1018 3720 1179 3783 iudicetur
1211 3717 1462 3798 Praeceptorum

290 3844 556 3909 Clarissimorum
569 3842 779 3919 institutione,
799 3860 865 3923 ona
880 3840 915 3902 in
926 3838 989 3902 hoc
998 3836 1177 3901 Academia
1181 3845 1340 3917 pergrato
1352 3833 1461 3897 animo

209 3985 219 4004 ¹
286 3964 361 4036 fruc
396 3960 481 4025 mihi
510 3981 688 4025 concessum
719 3959 798 4036 fuit,
834 3957 985 4040 cuiusque
1015 3953 1247 4020 suavissimam
1269 3948 1461 4017 memoriam

287 4080 380 4147 nulla
404 4079 473 4144 dies
497 4101 539 4144 eu
564 4078 674 4143 animo
700 4096 769 4142 mco
791 4073 932 4141 delebat
