<?xml version="1.0" encoding="UTF-8"?>
<!DOCTYPE html PUBLIC "-//W3C//DTD XHTML 1.0 Transitional//EN"
    "http://www.w3.org/TR/xhtml1/DTD/xhtml1-transitional.dtd">
<html xmlns="http://www.w3.org/1999/xhtml" xml:lang="en" lang="en">
 <head>
  <title>
</title>
<meta http-equiv="Content-Type" content="text/html;charset=utf-8" />
  <meta name='ocr-system' content='tesseract 3.04.00' />
  <meta name='ocr-capabilities' content='ocr_page ocr_carea ocr_par ocr_line ocrx_word'/>
</head>
<body>
  <div class='ocr_page' id='page_1' title='image "./quaestionespart00fenngoog_0088.png"; bbox 0 0 3292 5259; ppageno 0'>
   <div class='ocr_carea' id='block_1_1' title="bbox 837 368 875 426">
    <p class='ocr_par' dir='ltr' id='par_1_1' title="bbox 837 368 875 426">
     <span class='ocr_line' id='line_1_1' title="bbox 837 368 875 426; baseline 0 -18"><span class='ocrx_word' id='word_1_1' title='bbox 837 368 875 426; x_wconf 81' lang='lat'>72</span> 
     </span>
    </p>
   </div>
   <div class='ocr_carea' id='block_1_2' title="bbox 164 513 1508 4345">
    <p class='ocr_par' dir='ltr' id='par_1_2' title="bbox 164 513 1508 2087">
     <span class='ocr_line' id='line_1_2' title="bbox 259 513 1438 620; baseline -0.006 -23"><span class='ocrx_word' id='word_1_2' title='bbox 259 523 514 620; x_wconf 74' lang='lat' dir='ltr'>Cibyraticam,</span> <span class='ocrx_word' id='word_1_3' title='bbox 544 519 804 618; x_wconf 83' lang='lat' dir='ltr'>Apamensem,</span> <span class='ocrx_word' id='word_1_4' title='bbox 826 519 1111 616; x_wconf 88' lang='lat' dir='ltr'>Synnadensem.</span> <span class='ocrx_word' id='word_1_5' title='bbox 1140 521 1173 616; x_wconf 77' lang='grc' dir='ltr'>ι)</span> <span class='ocrx_word' id='word_1_6' title='bbox 1203 518 1284 614; x_wconf 85' lang='lat' dir='ltr'>Ipsa</span> <span class='ocrx_word' id='word_1_7' title='bbox 1306 513 1438 605; x_wconf 82' lang='lat' dir='ltr'>Cilicia,</span> 
     </span>
     <span class='ocr_line' id='line_1_3' title="bbox 258 640 1441 744; baseline -0.007 -23"><span class='ocrx_word' id='word_1_8' title='bbox 258 663 385 743; x_wconf 87' lang='lat' dir='ltr'>utpote</span> <span class='ocrx_word' id='word_1_9' title='bbox 411 646 569 744; x_wconf 86' lang='lat' dir='ltr'>undique</span> <span class='ocrx_word' id='word_1_10' title='bbox 596 642 676 717; x_wconf 91' lang='lat' dir='ltr'>altis</span> <span class='ocrx_word' id='word_1_11' title='bbox 704 645 882 741; x_wconf 90' lang='lat' dir='ltr'>montium</span> <span class='ocrx_word' id='word_1_12' title='bbox 910 644 1002 741; x_wconf 82' lang='lat' dir='ltr'>iugis</span> <span class='ocrx_word' id='word_1_13' title='bbox 1030 643 1154 730; x_wconf 82' lang='lat' dir='ltr'>cincta,</span> <span class='ocrx_word' id='word_1_14' title='bbox 1185 640 1346 715; x_wconf 86' lang='lat' dir='ltr'>difficiles</span> <span class='ocrx_word' id='word_1_15' title='bbox 1369 643 1441 738; x_wconf 91' lang='lat' dir='ltr'>qui-</span> 
     </span>
     <span class='ocr_line' id='line_1_4' title="bbox 258 766 1439 864; baseline -0.006 -20"><span class='ocrx_word' id='word_1_16' title='bbox 258 772 343 845; x_wconf 89' lang='lat' dir='ltr'>dem</span> <span class='ocrx_word' id='word_1_17' title='bbox 369 771 487 844; x_wconf 91' lang='lat' dir='ltr'>aditus</span> <span class='ocrx_word' id='word_1_18' title='bbox 513 770 682 859; x_wconf 85' lang='lat' dir='ltr'>habebat,</span> <span class='ocrx_word' id='word_1_19' title='bbox 708 768 793 842; x_wconf 82' lang='lat' dir='ltr'>¹sed</span> <span class='ocrx_word' id='word_1_20' title='bbox 821 784 995 841; x_wconf 77' lang='lat' dir='ltr'>tamena</span> <span class='ocrx_word' id='word_1_21' title='bbox 1022 784 1126 864; x_wconf 85' lang='lat' dir='ltr'>parte</span> <span class='ocrx_word' id='word_1_22' title='bbox 1149 767 1289 864; x_wconf 81' lang='lat' dir='ltr'>-Syriae</span> <span class='ocrx_word' id='word_1_23' title='bbox 1326 766 1439 838; x_wconf 93' lang='lat' dir='ltr'>minus</span> 
     </span>
     <span class='ocr_line' id='line_1_5' title="bbox 258 890 1508 992; baseline -0.007 -22"><span class='ocrx_word' id='word_1_24' title='bbox 258 911 336 970; x_wconf 89' lang='lat' dir='ltr'>erat</span> <span class='ocrx_word' id='word_1_25' title='bbox 373 911 461 983; x_wconf 82' lang='lat' dir='ltr'>tuta,</span> <span class='ocrx_word' id='word_1_26' title='bbox 488 893 797 992; x_wconf 87' lang='lat' dir='ltr'>·quandoquidem</span> <span class='ocrx_word' id='word_1_27' title='bbox 831 893 865 965; x_wconf 93' lang='lat' dir='ltr'>in</span> <span class='ocrx_word' id='word_1_28' title='bbox 899 907 1022 966; x_wconf 91' lang='lat' dir='ltr'>monte</span> <span class='ocrx_word' id='word_1_29' title='bbox 1050 893 1196 966; x_wconf 78' lang='lat' dir='ltr'>Amano</span> <span class='ocrx_word' id='word_1_30' title='bbox 1230 890 1440 964; x_wconf 81' lang='lat' dir='ltr'>habitabant</span> <span class='ocrx_word' id='word_1_31' title='bbox 1476 896 1508 936; x_wconf 43' lang='lat'>*-</span> 
     </span>
     <span class='ocr_line' id='line_1_6' title="bbox 258 1015 1439 1115; baseline -0.003 -23"><span class='ocrx_word' id='word_1_32' title='bbox 258 1021 356 1093; x_wconf 80' lang='lat' dir='ltr'>ferae</span> <span class='ocrx_word' id='word_1_33' title='bbox 389 1033 539 1113; x_wconf 77' lang='lat' dir='ltr'>gentes,</span> <span class='ocrx_word' id='word_1_34' title='bbox 586 1043 681 1115; x_wconf 91' lang='lat' dir='ltr'>quae</span> <span class='ocrx_word' id='word_1_35' title='bbox 718 1016 879 1090; x_wconf 85' lang='lat' dir='ltr'>nondum</span> <span class='ocrx_word' id='word_1_36' title='bbox 916 1017 1025 1089; x_wconf 90' lang='lat' dir='ltr'>armis</span> <span class='ocrx_word' id='word_1_37' title='bbox 1062 1017 1237 1090; x_wconf 88' lang='lat' dir='ltr'>Romanis</span> <span class='ocrx_word' id='word_1_38' title='bbox 1279 1015 1439 1090; x_wconf 88' lang='lat' dir='ltr'>domitae</span> 
     </span>
     <span class='ocr_line' id='line_1_7' title="bbox 257 1137 1438 1241; baseline -0.001 -26"><span class='ocrx_word' id='word_1_39' title='bbox 257 1142 462 1241; x_wconf 89' lang='lat' dir='ltr'>provinciae</span> <span class='ocrx_word' id='word_1_40' title='bbox 490 1137 623 1214; x_wconf 88' lang='lat' dir='ltr'>incolas</span> <span class='ocrx_word' id='word_1_41' title='bbox 651 1141 784 1235; x_wconf 89' lang='lat' dir='ltr'>rapinis</span> <span class='ocrx_word' id='word_1_42' title='bbox 812 1155 851 1213; x_wconf 91' lang='lat' dir='ltr'>et</span> <span class='ocrx_word' id='word_1_43' title='bbox 887 1139 1079 1214; x_wconf 90' lang='lat' dir='ltr'>latrociniis</span> <span class='ocrx_word' id='word_1_44' title='bbox 1106 1142 1305 1215; x_wconf 88' lang='lat' dir='ltr'>admodum</span> <span class='ocrx_word' id='word_1_45' title='bbox 1331 1169 1438 1215; x_wconf 88' lang='lat' dir='ltr'>vexa-</span> 
     </span>
     <span class='ocr_line' id='line_1_8' title="bbox 258 1265 1433 1364; baseline -0.002 -22"><span class='ocrx_word' id='word_1_46' title='bbox 258 1271 346 1342; x_wconf 88' lang='lat' dir='ltr'>bant</span> <span class='ocrx_word' id='word_1_47' title='bbox 373 1283 410 1340; x_wconf 94' lang='lat' dir='ltr'>et</span> <span class='ocrx_word' id='word_1_48' title='bbox 437 1266 650 1339; x_wconf 83' lang='lat' dir='ltr'>Parthorum</span> <span class='ocrx_word' id='word_1_49' title='bbox 669 1265 869 1338; x_wconf 87' lang='lat' dir='ltr'>adventum</span> <span class='ocrx_word' id='word_1_50' title='bbox 897 1268 1069 1341; x_wconf 82' lang='lat' dir='ltr'>acerrime</span> <span class='ocrx_word' id='word_1_51' title='bbox 1091 1268 1363 1363; x_wconf 73' lang='lat' dir='ltr'>exspectabant.</span> <span class='ocrx_word' id='word_1_52' title='bbox 1400 1272 1433 1364; x_wconf 80' lang='lat'>2)</span> 
     </span>
     <span class='ocr_line' id='line_1_9' title="bbox 258 1389 1438 1490; baseline 0.001 -25"><span class='ocrx_word' id='word_1_53' title='bbox 258 1395 296 1465; x_wconf 88' lang='lat' dir='ltr'>P.</span> <span class='ocrx_word' id='word_1_54' title='bbox 322 1390 533 1465; x_wconf 85' lang='lat' dir='ltr'>Cornelium</span> <span class='ocrx_word' id='word_1_55' title='bbox 562 1389 764 1480; x_wconf 89' lang='lat' dir='ltr'>Lentulum,</span> <span class='ocrx_word' id='word_1_56' title='bbox 796 1392 856 1490; x_wconf 93' lang='lat' dir='ltr'>qui</span> <span class='ocrx_word' id='word_1_57' title='bbox 884 1418 998 1489; x_wconf 91' lang='lat' dir='ltr'>usque</span> <span class='ocrx_word' id='word_1_58' title='bbox 1026 1391 1074 1465; x_wconf 88' lang='lat' dir='ltr'>ad</span> <span class='ocrx_word' id='word_1_59' title='bbox 1100 1417 1231 1464; x_wconf 91' lang='lat' dir='ltr'>annum</span> <span class='ocrx_word' id='word_1_60' title='bbox 1259 1414 1306 1485; x_wconf 84' lang='lat'>53</span> <span class='ocrx_word' id='word_1_61' title='bbox 1338 1418 1438 1489; x_wconf 90' lang='lat' dir='ltr'>prae-</span> 
     </span>
     <span class='ocr_line' id='line_1_10' title="bbox 258 1514 1437 1613; baseline -0.001 -22"><span class='ocrx_word' id='word_1_62' title='bbox 258 1519 373 1591; x_wconf 79' lang='lat' dir='ltr'>fuerat</span> <span class='ocrx_word' id='word_1_63' title='bbox 411 1515 567 1604; x_wconf 84' lang='lat' dir='ltr'>Ciliciae,</span> <span class='ocrx_word' id='word_1_64' title='bbox 605 1542 663 1589; x_wconf 89' lang='lat' dir='ltr'>res</span> <span class='ocrx_word' id='word_1_65' title='bbox 696 1516 834 1590; x_wconf 87' lang='lat' dir='ltr'>sortiter</span> <span class='ocrx_word' id='word_1_66' title='bbox 865 1532 990 1590; x_wconf 89' lang='lat' dir='ltr'>contra</span> <span class='ocrx_word' id='word_1_67' title='bbox 1026 1516 1093 1589; x_wconf 90' lang='lat' dir='ltr'>hos</span> <span class='ocrx_word' id='word_1_68' title='bbox 1126 1514 1281 1613; x_wconf 91' lang='lat' dir='ltr'>populos</span> <span class='ocrx_word' id='word_1_69' title='bbox 1310 1532 1437 1613; x_wconf 84' lang='lat' dir='ltr'>gestae</span> 
     </span>
     <span class='ocr_line' id='line_1_11' title="bbox 164 1640 1437 1737; baseline -0.002 -23"><span class='ocrx_word' id='word_1_70' title='bbox 164 1661 169 1667; x_wconf 83' lang='grc'><em>’</em></span> <span class='ocrx_word' id='word_1_71' title='bbox 257 1641 426 1737; x_wconf 93' lang='lat' dir='ltr'>triumphi</span> <span class='ocrx_word' id='word_1_72' title='bbox 452 1645 667 1714; x_wconf 81' lang='lat' dir='ltr'>ornaverant</span> <span class='ocrx_word' id='word_1_73' title='bbox 691 1640 904 1732; x_wconf 67' lang='lat' dir='ltr'>honoribus,</span> <span class='ocrx_word' id='word_1_74' title='bbox 944 1656 1083 1714; x_wconf 91' lang='lat' dir='ltr'>tantum</span> <span class='ocrx_word' id='word_1_75' title='bbox 1111 1667 1198 1714; x_wconf 86' lang='lat' dir='ltr'>vero</span> <span class='ocrx_word' id='word_1_76' title='bbox 1233 1641 1355 1728; x_wconf 83' lang='lat' dir='ltr'>abluit,</span> <span class='ocrx_word' id='word_1_77' title='bbox 1399 1657 1437 1713; x_wconf 92' lang='lat' dir='ltr'>ut</span> 
     </span>
     <span class='ocr_line' id='line_1_12' title="bbox 259 1762 1435 1863; baseline -0.002 -24"><span class='ocrx_word' id='word_1_78' title='bbox 259 1782 341 1839; x_wconf 91' lang='lat' dir='ltr'>tunc</span> <span class='ocrx_word' id='word_1_79' title='bbox 380 1764 527 1863; x_wconf 91' lang='lat' dir='ltr'>quidem</span> <span class='ocrx_word' id='word_1_80' title='bbox 561 1762 730 1838; x_wconf 89' lang='lat' dir='ltr'>debellati</span> <span class='ocrx_word' id='word_1_81' title='bbox 767 1780 889 1838; x_wconf 89' lang='lat' dir='ltr'>essent</span> <span class='ocrx_word' id='word_1_82' title='bbox 918 1781 955 1838; x_wconf 91' lang='lat' dir='ltr'>et</span> <span class='ocrx_word' id='word_1_83' title='bbox 994 1766 1123 1862; x_wconf 89' lang='lat' dir='ltr'>pacati,</span> <span class='ocrx_word' id='word_1_84' title='bbox 1168 1780 1222 1854; x_wconf 90' lang='lat' dir='ltr'>ut,</span> <span class='ocrx_word' id='word_1_85' title='bbox 1259 1765 1319 1863; x_wconf 87' lang='lat' dir='ltr'>qui</span> <span class='ocrx_word' id='word_1_86' title='bbox 1344 1766 1376 1838; x_wconf 89' lang='lat' dir='ltr'>ei</span> <span class='ocrx_word' id='word_1_87' title='bbox 1402 1767 1435 1837; x_wconf 94' lang='lat' dir='ltr'>in</span> 
     </span>
     <span class='ocr_line' id='line_1_13' title="bbox 258 1881 1431 1986; baseline 0.001 -26"><span class='ocrx_word' id='word_1_88' title='bbox 258 1887 478 1986; x_wconf 71' lang='lat' dir='ltr'>prouinciali¹</span> <span class='ocrx_word' id='word_1_89' title='bbox 506 1914 653 1962; x_wconf 91' lang='lat' dir='ltr'>munere</span> <span class='ocrx_word' id='word_1_90' title='bbox 689 1889 872 1978; x_wconf 90' lang='lat' dir='ltr'>successit,</span> <span class='ocrx_word' id='word_1_91' title='bbox 902 1889 1045 1986; x_wconf 86' lang='lat' dir='ltr'>Appius</span> <span class='ocrx_word' id='word_1_92' title='bbox 1075 1881 1244 1962; x_wconf 83' lang='lat' dir='ltr'>Claudius</span> <span class='ocrx_word' id='word_1_93' title='bbox 1273 1888 1431 1978; x_wconf 89' lang='lat' dir='ltr'>Pulcher,</span> 
     </span>
     <span class='ocr_line' id='line_1_14' title="bbox 258 2012 902 2087; baseline -0.003 0"><span class='ocrx_word' id='word_1_94' title='bbox 258 2012 391 2087; x_wconf 90' lang='lat' dir='ltr'>bellum</span> <span class='ocrx_word' id='word_1_95' title='bbox 419 2038 594 2085; x_wconf 90' lang='lat' dir='ltr'>renovare</span> <span class='ocrx_word' id='word_1_96' title='bbox 621 2029 718 2085; x_wconf 89' lang='lat' dir='ltr'>esset</span> <span class='ocrx_word' id='word_1_97' title='bbox 746 2028 902 2085; x_wconf 78' lang='lat' dir='ltr'>coactus,</span> 
     </span>
    </p>

    <p class='ocr_par' dir='ltr' id='par_1_3' title="bbox 258 2137 1434 2734">
     <span class='ocr_line' id='line_1_15' title="bbox 313 2137 1433 2235; baseline 0.002 -27"><span class='ocrx_word' id='word_1_98' title='bbox 313 2137 559 2232; x_wconf 84' lang='lat' dir='ltr'>Cappadocia,</span> <span class='ocrx_word' id='word_1_99' title='bbox 581 2137 754 2209; x_wconf 89' lang='lat' dir='ltr'>intestinis</span> <span class='ocrx_word' id='word_1_100' title='bbox 769 2137 972 2210; x_wconf 85' lang='lat' dir='ltr'>conflictata</span> <span class='ocrx_word' id='word_1_101' title='bbox 986 2137 1182 2226; x_wconf 67' lang='lat' dir='ltr'>discordiis</span> <span class='ocrx_word' id='word_1_102' title='bbox 1214 2137 1310 2211; x_wconf 91' lang='lat' dir='ltr'>nuda</span> <span class='ocrx_word' id='word_1_103' title='bbox 1332 2164 1433 2235; x_wconf 88' lang='lat' dir='ltr'>prae·</span> 
     </span>
     <span class='ocr_line' id='line_1_16' title="bbox 259 2260 1431 2357; baseline 0.003 -24"><span class='ocrx_word' id='word_1_104' title='bbox 259 2260 352 2333; x_wconf 91' lang='lat' dir='ltr'>sidio</span> <span class='ocrx_word' id='word_1_105' title='bbox 379 2261 529 2355; x_wconf 90' lang='lat' dir='ltr'>patebat</span> <span class='ocrx_word' id='word_1_106' title='bbox 556 2276 706 2357; x_wconf 83' lang='lat' dir='ltr'>aparte</span> <span class='ocrx_word' id='word_1_107' title='bbox 733 2262 940 2351; x_wconf 84' lang='lat' dir='ltr'>Armeniae,</span> <span class='ocrx_word' id='word_1_108' title='bbox 972 2263 1070 2336; x_wconf 90' lang='lat' dir='ltr'>cuius</span> <span class='ocrx_word' id='word_1_109' title='bbox 1094 2287 1160 2345; x_wconf 87' lang='lat' dir='ltr'>rex</span> <span class='ocrx_word' id='word_1_110' title='bbox 1188 2263 1431 2350; x_wconf 76' lang='lat' dir='ltr'>ArtavasdeS,</span> 
     </span>
     <span class='ocr_line' id='line_1_17' title="bbox 259 2385 1432 2485; baseline 0.002 -27"><span class='ocrx_word' id='word_1_111' title='bbox 259 2385 307 2458; x_wconf 89' lang='lat' dir='ltr'>ad</span> <span class='ocrx_word' id='word_1_112' title='bbox 333 2385 368 2457; x_wconf 91' lang='lat' dir='ltr'>id</span> <span class='ocrx_word' id='word_1_113' title='bbox 399 2402 543 2482; x_wconf 91' lang='lat' dir='ltr'>tempus</span> <span class='ocrx_word' id='word_1_114' title='bbox 562 2386 679 2459; x_wconf 91' lang='lat' dir='ltr'>socius</span> <span class='ocrx_word' id='word_1_115' title='bbox 699 2402 736 2459; x_wconf 90' lang='lat' dir='ltr'>et</span> <span class='ocrx_word' id='word_1_116' title='bbox 754 2387 890 2460; x_wconf 89' lang='lat' dir='ltr'>amicus</span> <span class='ocrx_word' id='word_1_117' title='bbox 908 2386 1030 2485; x_wconf 91' lang='lat' dir='ltr'>populi</span> <span class='ocrx_word' id='word_1_118' title='bbox 1050 2388 1221 2477; x_wconf 86' lang='lat' dir='ltr'>Romani,</span> <span class='ocrx_word' id='word_1_119' title='bbox 1239 2404 1432 2484; x_wconf 87' lang='lat' dir='ltr'>postquam</span> 
     </span>
     <span class='ocr_line' id='line_1_18' title="bbox 258 2492 1432 2612; baseline 0.004 -32"><span class='ocrx_word' id='word_1_120' title='bbox 258 2508 293 2580; x_wconf 92' lang='lat' dir='ltr'>in</span> <span class='ocrx_word' id='word_1_121' title='bbox 328 2506 422 2581; x_wconf 90' lang='lat' dir='ltr'>bello</span> <span class='ocrx_word' id='word_1_122' title='bbox 450 2492 588 2605; x_wconf 84' lang='lat' dir='ltr'>perfide</span> <span class='ocrx_word' id='word_1_123' title='bbox 616 2535 638 2583; x_wconf 89' lang='lat' dir='ltr'>a</span> <span class='ocrx_word' id='word_1_124' title='bbox 664 2511 798 2584; x_wconf 89' lang='lat' dir='ltr'>Crasso</span> <span class='ocrx_word' id='word_1_125' title='bbox 826 2513 1019 2586; x_wconf 88' lang='lat' dir='ltr'>destitutus</span> <span class='ocrx_word' id='word_1_126' title='bbox 1045 2529 1115 2603; x_wconf 88' lang='lat' dir='ltr'>est,</span> <span class='ocrx_word' id='word_1_127' title='bbox 1146 2513 1194 2586; x_wconf 88' lang='lat' dir='ltr'>ad</span> <span class='ocrx_word' id='word_1_128' title='bbox 1222 2514 1432 2612; x_wconf 86' lang='lat' dir='ltr'>Parthorum</span> 
     </span>
     <span class='ocr_line' id='line_1_19' title="bbox 259 2630 1434 2734; baseline 0.005 -30"><span class='ocrx_word' id='word_1_129' title='bbox 259 2630 462 2705; x_wconf 84' lang='lat' dir='ltr'>accesserat</span> <span class='ocrx_word' id='word_1_130' title='bbox 499 2633 723 2721; x_wconf 87' lang='lat' dir='ltr'>societatem,</span> <span class='ocrx_word' id='word_1_131' title='bbox 768 2660 1006 2734; x_wconf 90' lang='lat' dir='ltr'>sororemque</span> <span class='ocrx_word' id='word_1_132' title='bbox 1038 2663 1151 2734; x_wconf 28' lang='lat' dir='ltr'>‘suam</span> <span class='ocrx_word' id='word_1_133' title='bbox 1192 2637 1326 2710; x_wconf 90' lang='lat' dir='ltr'>Orodis</span> <span class='ocrx_word' id='word_1_134' title='bbox 1364 2635 1434 2710; x_wconf 89' lang='lat' dir='ltr'>filio</span> 
     </span>
    </p>

    <p class='ocr_par' dir='ltr' id='par_1_4' title="bbox 260 2756 1099 2856">
     <span class='ocr_line' id='line_1_20' title="bbox 260 2756 1099 2856; baseline 0.008 -30"><span class='ocrx_word' id='word_1_135' title='bbox 260 2756 398 2827; x_wconf 89' lang='lat' dir='ltr'>Pacoro</span> <span class='ocrx_word' id='word_1_136' title='bbox 425 2758 461 2826; x_wconf 90' lang='lat' dir='ltr'>in</span> <span class='ocrx_word' id='word_1_137' title='bbox 489 2757 755 2829; x_wconf 90' lang='lat' dir='ltr'>matrimonium</span> <span class='ocrx_word' id='word_1_138' title='bbox 783 2759 945 2832; x_wconf 88' lang='lat' dir='ltr'>dederat.</span> <span class='ocrx_word' id='word_1_139' title='bbox 978 2764 1014 2856; x_wconf 78' lang='grc'>3)</span> <span class='ocrx_word' id='word_1_140' title='bbox 1097 2809 1099 2816; x_wconf 91' lang='lat'><em>·</em></span> 
     </span>
    </p>

    <p class='ocr_par' dir='ltr' id='par_1_5' title="bbox 211 2868 1439 4345">
     <span class='ocr_line' id='line_1_21' title="bbox 216 2868 1436 2984; baseline 0.01 -35"><span class='ocrx_word' id='word_1_141' title='bbox 216 2868 220 2876; x_wconf 67' lang='grc'><strong><em>’</em></strong></span> <span class='ocrx_word' id='word_1_142' title='bbox 313 2879 370 2951; x_wconf 89' lang='lat' dir='ltr'>Ea</span> <span class='ocrx_word' id='word_1_143' title='bbox 393 2878 501 2974; x_wconf 85' lang='lat' dir='ltr'>igitur</span> <span class='ocrx_word' id='word_1_144' title='bbox 534 2906 645 2977; x_wconf 90' lang='lat' dir='ltr'>quum</span> <span class='ocrx_word' id='word_1_145' title='bbox 664 2897 762 2954; x_wconf 86' lang='lat' dir='ltr'>esset</span> <span class='ocrx_word' id='word_1_146' title='bbox 783 2882 951 2972; x_wconf 91' lang='lat' dir='ltr'>conditio,</span> <span class='ocrx_word' id='word_1_147' title='bbox 973 2900 1012 2957; x_wconf 92' lang='lat' dir='ltr'>ut</span> <span class='ocrx_word' id='word_1_148' title='bbox 1031 2911 1112 2957; x_wconf 91' lang='lat' dir='ltr'>cum</span> <span class='ocrx_word' id='word_1_149' title='bbox 1131 2886 1221 2960; x_wconf 84' lang='lat' dir='ltr'>Asia</span> <span class='ocrx_word' id='word_1_150' title='bbox 1235 2902 1311 2959; x_wconf 88' lang='lat' dir='ltr'>tum</span> <span class='ocrx_word' id='word_1_151' title='bbox 1331 2889 1436 2984; x_wconf 89' lang='lat' dir='ltr'>Syria</span> 
     </span>
     <span class='ocr_line' id='line_1_22' title="bbox 259 2996 1435 3109; baseline 0.009 -34"><span class='ocrx_word' id='word_1_152' title='bbox 259 3004 293 3075; x_wconf 92' lang='lat' dir='ltr'>in</span> <span class='ocrx_word' id='word_1_153' title='bbox 308 2996 779 3107; x_wconf 80' lang='lat' dir='ltr'>extremumess&#39;etadducta</span> <span class='ocrx_word' id='word_1_154' title='bbox 789 3005 989 3097; x_wconf 90' lang='lat' dir='ltr'>discrimen,</span> <span class='ocrx_word' id='word_1_155' title='bbox 1003 3009 1089 3107; x_wconf 92' lang='lat' dir='ltr'>quid</span> <span class='ocrx_word' id='word_1_156' title='bbox 1099 3008 1194 3083; x_wconf 89' lang='lat' dir='ltr'>aliud</span> <span class='ocrx_word' id='word_1_157' title='bbox 1204 3028 1435 3109; x_wconf 86' lang='lat' dir='ltr'>exspectares</span> 
     </span>
     <span class='ocr_line' id='line_1_23' title="bbox 225 3107 1436 3236; baseline 0.011 -39"><span class='ocrx_word' id='word_1_158' title='bbox 225 3219 226 3222; x_wconf 8' lang='grc' dir='ltr'><strong>Ἴ</strong></span> <span class='ocrx_word' id='word_1_159' title='bbox 259 3153 368 3225; x_wconf 88' lang='lat' dir='ltr'>quam</span> <span class='ocrx_word' id='word_1_160' title='bbox 388 3152 434 3200; x_wconf 91' lang='lat' dir='ltr'>eo</span> <span class='ocrx_word' id='word_1_161' title='bbox 455 3129 583 3201; x_wconf 92' lang='lat' dir='ltr'>nuncio</span> <span class='ocrx_word' id='word_1_162' title='bbox 608 3130 765 3236; x_wconf 90' lang='lat' dir='ltr'>Romam</span> <span class='ocrx_word' id='word_1_163' title='bbox 787 3128 896 3204; x_wconf 90' lang='lat' dir='ltr'>allato</span> <span class='ocrx_word' id='word_1_164' title='bbox 916 3107 1075 3208; x_wconf 83' lang='lat' dir='ltr'>omnium</span> <span class='ocrx_word' id='word_1_165' title='bbox 1094 3135 1232 3208; x_wconf 91' lang='lat' dir='ltr'>animos</span> <span class='ocrx_word' id='word_1_166' title='bbox 1246 3137 1436 3210; x_wconf 87' lang='lat' dir='ltr'>vehemen-</span> 
     </span>
     <span class='ocr_line' id='line_1_24' title="bbox 261 3251 1436 3357; baseline 0.01 -34"><span class='ocrx_word' id='word_1_167' title='bbox 261 3251 397 3323; x_wconf 90' lang='lat' dir='ltr'>tissime</span> <span class='ocrx_word' id='word_1_168' title='bbox 411 3251 518 3324; x_wconf 82' lang='lat' dir='ltr'>suisse</span> <span class='ocrx_word' id='word_1_169' title='bbox 533 3256 758 3326; x_wconf 87' lang='lat' dir='ltr'>commotos?</span> <span class='ocrx_word' id='word_1_170' title='bbox 784 3254 838 3328; x_wconf 84' lang='lat' dir='ltr'>At</span> <span class='ocrx_word' id='word_1_171' title='bbox 859 3280 947 3329; x_wconf 90' lang='lat' dir='ltr'>vero</span> <span class='ocrx_word' id='word_1_172' title='bbox 962 3283 1080 3355; x_wconf 91' lang='lat' dir='ltr'>neque</span> <span class='ocrx_word' id='word_1_173' title='bbox 1089 3261 1136 3332; x_wconf 89' lang='lat' dir='ltr'>ab</span> <span class='ocrx_word' id='word_1_174' title='bbox 1146 3259 1365 3357; x_wconf 69' lang='lat' dir='ltr'>aequalibus</span> <span class='ocrx_word' id='word_1_175' title='bbox 1378 3288 1436 3336; x_wconf 90' lang='lat' dir='ltr'>ne-</span> 
     </span>
     <span class='ocr_line' id='line_1_25' title="bbox 261 3375 1436 3486; baseline 0.014 -42"><span class='ocrx_word' id='word_1_176' title='bbox 261 3399 332 3471; x_wconf 91' lang='lat' dir='ltr'>que</span> <span class='ocrx_word' id='word_1_177' title='bbox 357 3398 379 3445; x_wconf 90' lang='lat' dir='ltr'>a</span> <span class='ocrx_word' id='word_1_178' title='bbox 398 3375 609 3470; x_wconf 87' lang='lat' dir='ltr'>posterioris</span> <span class='ocrx_word' id='word_1_179' title='bbox 637 3378 769 3451; x_wconf 87' lang='lat' dir='ltr'>aetatis</span> <span class='ocrx_word' id='word_1_180' title='bbox 785 3381 1018 3476; x_wconf 83' lang='lat' dir='ltr'>scriptoribus</span> <span class='ocrx_word' id='word_1_181' title='bbox 1038 3382 1108 3457; x_wconf 91' lang='lat' dir='ltr'>ulla</span> <span class='ocrx_word' id='word_1_182' title='bbox 1131 3384 1170 3458; x_wconf 89' lang='lat' dir='ltr'>fit</span> <span class='ocrx_word' id='word_1_183' title='bbox 1183 3387 1328 3476; x_wconf 92' lang='lat' dir='ltr'>mentio,</span> <span class='ocrx_word' id='word_1_184' title='bbox 1351 3414 1436 3486; x_wconf 92' lang='lat' dir='ltr'>quo·</span> 
     </span>
     <span class='ocr_line' id='line_1_26' title="bbox 261 3498 1434 3608; baseline 0.011 -36"><span class='ocrx_word' id='word_1_185' title='bbox 261 3498 372 3572; x_wconf 91' lang='lat' dir='ltr'>modo</span> <span class='ocrx_word' id='word_1_186' title='bbox 393 3498 513 3575; x_wconf 86' lang='lat' dir='ltr'>Crassi</span> <span class='ocrx_word' id='word_1_187' title='bbox 529 3498 688 3573; x_wconf 91' lang='lat' dir='ltr'>interitus</span> <span class='ocrx_word' id='word_1_188' title='bbox 710 3502 807 3576; x_wconf 82' lang='lat' dir='ltr'>sama</span> <span class='ocrx_word' id='word_1_189' title='bbox 825 3529 849 3577; x_wconf 92' lang='lat' dir='ltr'>a</span> <span class='ocrx_word' id='word_1_190' title='bbox 866 3504 1041 3580; x_wconf 89' lang='lat' dir='ltr'>Romanis</span> <span class='ocrx_word' id='word_1_191' title='bbox 1060 3509 1196 3582; x_wconf 88' lang='lat' dir='ltr'>civibus</span> <span class='ocrx_word' id='word_1_192' title='bbox 1211 3528 1366 3608; x_wconf 88' lang='lat' dir='ltr'>excepta</span> <span class='ocrx_word' id='word_1_193' title='bbox 1379 3513 1434 3585; x_wconf 90' lang='lat' dir='ltr'>sit.</span> 
     </span>
     <span class='ocr_line' id='line_1_27' title="bbox 261 3621 1437 3733; baseline 0.014 -41"><span class='ocrx_word' id='word_1_194' title='bbox 261 3622 371 3694; x_wconf 88' lang='lat' dir='ltr'>Haud</span> <span class='ocrx_word' id='word_1_195' title='bbox 399 3621 548 3696; x_wconf 91' lang='lat' dir='ltr'>multum</span> <span class='ocrx_word' id='word_1_196' title='bbox 576 3651 642 3698; x_wconf 90' lang='lat' dir='ltr'>eos</span> <span class='ocrx_word' id='word_1_197' title='bbox 669 3624 854 3703; x_wconf 86' lang='lat' dir='ltr'>laborasse</span> <span class='ocrx_word' id='word_1_198' title='bbox 883 3628 1031 3729; x_wconf 82' lang='lat' dir='ltr'>colligas</span> <span class='ocrx_word' id='word_1_199' title='bbox 1060 3657 1106 3706; x_wconf 84' lang='lat' dir='ltr'>ex</span> <span class='ocrx_word' id='word_1_200' title='bbox 1125 3633 1204 3730; x_wconf 90' lang='lat' dir='ltr'>ipso</span> <span class='ocrx_word' id='word_1_201' title='bbox 1222 3634 1293 3706; x_wconf 95' lang='lat' dir='ltr'>hoc</span> <span class='ocrx_word' id='word_1_202' title='bbox 1307 3661 1437 3733; x_wconf 80' lang='lat' dir='ltr'>aequa-</span> 
     </span>
     <span class='ocr_line' id='line_1_28' title="bbox 260 3745 1438 3856; baseline 0.013 -40"><span class='ocrx_word' id='word_1_203' title='bbox 260 3745 356 3834; x_wconf 88' lang='lat' dir='ltr'>lium,</span> <span class='ocrx_word' id='word_1_204' title='bbox 401 3746 585 3820; x_wconf 90' lang='lat' dir='ltr'>Ciceronis</span> <span class='ocrx_word' id='word_1_205' title='bbox 612 3748 794 3846; x_wconf 78' lang='lat' dir='ltr'>imprimiS,</span> <span class='ocrx_word' id='word_1_206' title='bbox 838 3751 989 3843; x_wconf 87' lang='lat' dir='ltr'>silentio,</span> <span class='ocrx_word' id='word_1_207' title='bbox 1018 3771 1056 3827; x_wconf 93' lang='lat' dir='ltr'>et</span> <span class='ocrx_word' id='word_1_208' title='bbox 1081 3779 1127 3828; x_wconf 86' lang='lat' dir='ltr'>ex</span> <span class='ocrx_word' id='word_1_209' title='bbox 1153 3783 1214 3846; x_wconf 87' lang='lat' dir='ltr'>eo,</span> <span class='ocrx_word' id='word_1_210' title='bbox 1245 3759 1344 3856; x_wconf 90' lang='lat' dir='ltr'>quod</span> <span class='ocrx_word' id='word_1_211' title='bbox 1371 3785 1438 3856; x_wconf 93' lang='lat' dir='ltr'>per</span> 
     </span>
     <span class='ocr_line' id='line_1_29' title="bbox 261 3867 1437 3981; baseline 0.013 -39"><span class='ocrx_word' id='word_1_212' title='bbox 261 3867 462 3966; x_wconf 88' lang='lat' dir='ltr'>complures</span> <span class='ocrx_word' id='word_1_213' title='bbox 489 3871 659 3969; x_wconf 91' lang='lat' dir='ltr'>deinceps</span> <span class='ocrx_word' id='word_1_214' title='bbox 688 3901 801 3949; x_wconf 86' lang='lat' dir='ltr'>annos</span> <span class='ocrx_word' id='word_1_215' title='bbox 828 3876 910 3949; x_wconf 94' lang='lat' dir='ltr'>nihil</span> <span class='ocrx_word' id='word_1_216' title='bbox 935 3904 1081 3974; x_wconf 88' lang='lat' dir='ltr'>prorsus</span> <span class='ocrx_word' id='word_1_217' title='bbox 1101 3896 1220 3953; x_wconf 87' lang='lat' dir='ltr'>actum</span> <span class='ocrx_word' id='word_1_218' title='bbox 1243 3899 1309 3971; x_wconf 86' lang='lat' dir='ltr'>est,</span> <span class='ocrx_word' id='word_1_219' title='bbox 1337 3883 1437 3981; x_wconf 92' lang='lat' dir='ltr'>quod</span> 
     </span>
     <span class='ocr_line' id='line_1_30' title="bbox 261 3991 1437 4102; baseline 0.014 -38"><span class='ocrx_word' id='word_1_220' title='bbox 261 4019 339 4066; x_wconf 94' lang='lat' dir='ltr'>rem</span> <span class='ocrx_word' id='word_1_221' title='bbox 381 3991 520 4089; x_wconf 88' lang='lat' dir='ltr'>lapsam</span> <span class='ocrx_word' id='word_1_222' title='bbox 556 3996 772 4072; x_wconf 89' lang='lat' dir='ltr'>sublevaret.</span> <span class='ocrx_word' id='word_1_223' title='bbox 819 4000 879 4073; x_wconf 90' lang='lat' dir='ltr'>De</span> <span class='ocrx_word' id='word_1_224' title='bbox 922 4000 1052 4076; x_wconf 86' lang='lat' dir='ltr'>dilectu</span> <span class='ocrx_word' id='word_1_225' title='bbox 1080 4005 1236 4102; x_wconf 86' lang='lat' dir='ltr'>agendo,</span> <span class='ocrx_word' id='word_1_226' title='bbox 1265 4006 1312 4080; x_wconf 88' lang='lat' dir='ltr'>de</span> <span class='ocrx_word' id='word_1_227' title='bbox 1341 4032 1437 4080; x_wconf 89' lang='lat' dir='ltr'>novo</span> 
     </span>
     <span class='ocr_line' id='line_1_31' title="bbox 261 4117 1437 4215; baseline 0.011 -25"><span class='ocrx_word' id='word_1_228' title='bbox 261 4117 420 4190; x_wconf 84' lang='lat' dir='ltr'>exercitu</span> <span class='ocrx_word' id='word_1_229' title='bbox 461 4119 635 4215; x_wconf 88' lang='lat' dir='ltr'>parando,</span> <span class='ocrx_word' id='word_1_230' title='bbox 680 4123 727 4196; x_wconf 91' lang='lat' dir='ltr'>de</span> <span class='ocrx_word' id='word_1_231' title='bbox 762 4150 971 4214; x_wconf 83' lang='lat' dir='ltr'>successore</span> <span class='ocrx_word' id='word_1_232' title='bbox 996 4137 1032 4203; x_wconf 93' lang='lat' dir='ltr'>in</span> <span class='ocrx_word' id='word_1_233' title='bbox 1058 4131 1188 4203; x_wconf 89' lang='lat' dir='ltr'>mortui</span> <span class='ocrx_word' id='word_1_234' title='bbox 1215 4129 1333 4203; x_wconf 92' lang='lat' dir='ltr'>locum</span> <span class='ocrx_word' id='word_1_235' title='bbox 1361 4132 1437 4203; x_wconf 89' lang='lat' dir='ltr'>r&#39;nit-</span> 
     </span>
     <span class='ocr_line' id='line_1_32' title="bbox 211 4240 1439 4345; baseline 0.016 -37"><span class='ocrx_word' id='word_1_236' title='bbox 211 4304 214 4308; x_wconf 84' lang='lat'><em>.</em></span> <span class='ocrx_word' id='word_1_237' title='bbox 261 4240 373 4314; x_wconf 90' lang='lat' dir='ltr'>tendo</span> <span class='ocrx_word' id='word_1_238' title='bbox 410 4266 455 4313; x_wconf 91' lang='lat' dir='ltr'>ne</span> <span class='ocrx_word' id='word_1_239' title='bbox 490 4243 717 4340; x_wconf 84' lang='lat' dir='ltr'>cogitabatur</span> <span class='ocrx_word' id='word_1_240' title='bbox 743 4248 900 4345; x_wconf 88' lang='lat' dir='ltr'>quidem.</span> <span class='ocrx_word' id='word_1_241' title='bbox 949 4248 1039 4323; x_wconf 74' lang='lat' dir='ltr'>Aliis</span> <span class='ocrx_word' id='word_1_242' title='bbox 1080 4253 1171 4325; x_wconf 89' lang='lat' dir='ltr'>curis</span> <span class='ocrx_word' id='word_1_243' title='bbox 1198 4254 1333 4327; x_wconf 90' lang='lat' dir='ltr'>intenta</span> <span class='ocrx_word' id='word_1_244' title='bbox 1360 4271 1439 4328; x_wconf 88' lang='lat' dir='ltr'>erat</span> 
     </span>
    </p>
   </div>
   <div class='ocr_carea' id='block_1_3' title="bbox 271 4494 1101 4733">
    <p class='ocr_par' dir='ltr' id='par_1_6' title="bbox 271 4494 1101 4733">
     <span class='ocr_line' id='line_1_33' title="bbox 271 4494 1101 4566; baseline 0.013 -26"><span class='ocrx_word' id='word_1_245' title='bbox 271 4498 275 4503; x_wconf 85' lang='grc'><strong>“</strong></span> <span class='ocrx_word' id='word_1_246' title='bbox 302 4495 327 4555; x_wconf 80' lang='grc' dir='ltr'>ι)</span> <span class='ocrx_word' id='word_1_247' title='bbox 347 4495 385 4545; x_wconf 84' lang='lat' dir='ltr'>cf.</span> <span class='ocrx_word' id='word_1_248' title='bbox 406 4494 510 4554; x_wconf 87' lang='lat' dir='ltr'>Becker,</span> <span class='ocrx_word' id='word_1_249' title='bbox 529 4494 606 4560; x_wconf 62' lang='lat' dir='ltr'>antiq}</span> <span class='ocrx_word' id='word_1_250' title='bbox 623 4513 687 4544; x_wconf 90' lang='lat' dir='ltr'>rom.</span> <span class='ocrx_word' id='word_1_251' title='bbox 706 4497 757 4547; x_wconf 89' lang='lat' dir='ltr'>vol.</span> <span class='ocrx_word' id='word_1_252' title='bbox 778 4500 834 4552; x_wconf 90' lang='lat' dir='ltr'>III.</span> <span class='ocrx_word' id='word_1_253' title='bbox 849 4515 913 4563; x_wconf 87' lang='lat' dir='ltr'>pars.</span> <span class='ocrx_word' id='word_1_254' title='bbox 935 4502 956 4559; x_wconf 93' lang='lat' dir='ltr'>I,</span> <span class='ocrx_word' id='word_1_255' title='bbox 978 4517 1019 4566; x_wconf 90' lang='lat' dir='ltr'>pg.</span> <span class='ocrx_word' id='word_1_256' title='bbox 1044 4503 1101 4552; x_wconf 84' lang='lat'>166.</span> 
     </span>
     <span class='ocr_line' id='line_1_34' title="bbox 300 4582 828 4657; baseline 0.015 -29"><span class='ocrx_word' id='word_1_257' title='bbox 300 4586 324 4641; x_wconf 89' lang='lat'>2)</span> <span class='ocrx_word' id='word_1_258' title='bbox 344 4582 409 4630; x_wconf 88' lang='lat' dir='ltr'>Vide</span> <span class='ocrx_word' id='word_1_259' title='bbox 429 4583 481 4636; x_wconf 77' lang='lat' dir='ltr'>Cic,</span> <span class='ocrx_word' id='word_1_260' title='bbox 497 4583 530 4657; x_wconf 86' lang='lat' dir='ltr'>ad</span> <span class='ocrx_word' id='word_1_261' title='bbox 550 4584 619 4633; x_wconf 85' lang='lat' dir='ltr'>Fam.</span> <span class='ocrx_word' id='word_1_262' title='bbox 637 4585 694 4633; x_wconf 88' lang='lat' dir='ltr'>XV.</span> <span class='ocrx_word' id='word_1_263' title='bbox 713 4601 738 4647; x_wconf 91' lang='lat'>4.</span> <span class='ocrx_word' id='word_1_264' title='bbox 757 4591 768 4647; x_wconf 57' lang='grc' dir='ltr'>ᾗ</span> <span class='ocrx_word' id='word_1_265' title='bbox 790 4600 828 4638; x_wconf 93' lang='lat'>10.</span> 
     </span>
     <span class='ocr_line' id='line_1_35' title="bbox 298 4671 659 4733; baseline 0.014 -16"><span class='ocrx_word' id='word_1_266' title='bbox 298 4673 324 4733; x_wconf 83' lang='lat'>3)</span> <span class='ocrx_word' id='word_1_267' title='bbox 346 4672 411 4719; x_wconf 83' lang='lat' dir='ltr'>Plur.</span> <span class='ocrx_word' id='word_1_268' title='bbox 432 4671 513 4720; x_wconf 87' lang='lat' dir='ltr'>Crass.</span> <span class='ocrx_word' id='word_1_269' title='bbox 532 4673 659 4722; x_wconf 87' lang='lat' dir='ltr'>XXXIII.</span> 
     </span>
    </p>
   </div>
   <div class='ocr_carea' id='block_1_4' title="bbox 0 0 1654 5259">
    <p class='ocr_par' dir='ltr' id='par_1_7' title="bbox 0 0 1654 5259">
     <span class='ocr_line' id='line_1_36' title="bbox 0 0 1654 5259; baseline 0 0"><span class='ocrx_word' id='word_1_270' title='bbox 0 0 1654 5259; x_wconf 95' lang='lat' dir='ltr'> </span> 
     </span>
    </p>
   </div>
  </div>
 </body>
</html>
