3292 5259
884 285 923 337 40

315 434 569 523 concederent,
599 434 775 507 honorum
799 449 922 505 autem
948 428 1126 505 vocabula
1160 429 1312 504 libenter
1339 431 1383 503 iis
1413 456 1496 504 con-

314 561 505 648 firmarent,
532 560 620 657 ‘quin
646 558 756 631 etiam
785 558 852 653 ipsi
877 554 969 629 ultro
995 554 1217 654 largirentur.
1256 556 1309 628 lta
1333 556 1496 627 Romani

315 685 511 758 Arsacidas
546 708 693 781 quoque
732 705 878 776 semper
914 680 1062 757 nomine
1084 681 1199 777 Regis
1226 681 1370 775 Regum
1399 704 1496 750 com·-

314 806 545 905 pellaverant,
583 808 616 901 1)
648 805 765 877 donec
790 803 1004 899 Pompeius*
1027 801 1130 898 quasi
1158 802 1280 874 omnia
1308 802 1341 875 ei
1369 818 1497 874 essent

314 934 348 1004 in
389 957 445 1019 eo,
489 945 527 1002 ut
568 952 695 1025 regem
723 928 771 1000 ad
798 924 933 1000 bellum
962 924 1165 1013 lacesseret,
1205 951 1251 999 eo
1279 926 1497 998 temeritatis

314 1080 528 1153 progressus
563 1068 629 1140 est,
672 1068 711 1124 ut
737 1049 857 1125 levem
885 1066 921 1122 et
948 1050 1132 1122 innoxium
1160 1047 1300 1121 titulum
1336 1048 1497 1122 ludibrio

314 1181 451 1253 habens
479 1178 669 1251 Phraatem
697 1202 763 1273 per
789 1174 926 1247 litteras
953 1200 1081 1271 regem
1108 1171 1314 1270 simpliciter
1333 1170 1497 1269 appella·

315 1304 415 1377 verit.

369 1428 450 1499 Hac
491 1422 708 1499 contumelia
748 1450 813 1497 rex
853 1450 924 1497 non
961 1449 1001 1496 se
1029 1436 1177 1509 tantum,
1207 1421 1274 1494 sed
1302 1422 1409 1517 regni
1444 1421 1496 1492 sui
1526 1450 1532 1461 ’

316 1551 530 1646 dignitatem
554 1574 596 1620 ac
619 1548 846 1621 maiestatem
860 1544 1030 1619 violatam
1051 1546 1196 1618 censuit.
1224 1545 1371 1618 Veritus
1387 1544 1497 1641 igitur

317 1698 489 1771 quorsum
503 1672 730 1745 haec-omnia
744 1670 951 1757 evaderent,
978 1670 1092 1743 acrius
1116 1669 1267 1765 Pompei
1282 1667 1496 1777 insolentiae

318 1798 464 1870 obviarn
502 1798 552 1869 ire
589 1797 759 1871 decrevit.
799 1796 870 1867 Per
895 1793 1039 1889 legatos
1068 1793 1115 1867 de
1143 1794 1300 1889 acceptis
1326 1793 1494 1867 omnibus

317 1921 446 1993 iniuriis
475 1936 622 2018 questus
642 1934 708 2005 est,
730 1918 931 2014 iterumque
947 1917 980 1988 ei
995 1917 1187 2005 interdixit,
1205 1941 1250 1989 ne
1269 1917 1495 2013 Euphratem

268 2128 271 2133 Ι
316 2043 491 2115 transiret.
550 2042 620 2113 Ubi
657 2041 690 2114 ei
718 2038 800 2112 nihil
843 2065 960 2138 aeque
997 2056 1035 2111 et
1061 2040 1250 2112 moderate
1277 2065 1494 2135 responsum

317 2158 383 2252 est,
412 2191 498 2237 vere
527 2166 669 2237 ineunte
697 2164 778 2236 anni
806 2170 856 2253 64
882 2161 965 2236 belli
992 2163 1075 2236 secit
1100 2163 1235 2235 initium
1261 2164 1494 2259 expeditione

317 2303 441 2362 contra
469 2288 668 2383 Tigranem
693 2304 871 2383 suscepta,
902 2314 1011 2386 quem
1042 2288 1217 2384 Pompeio
1236 2303 1383 2361 auctore
1403 2289 1494 2363 Gor-

317 2411 461 2507 dyenen
489 2411 652 2484 obtinere
680 2411 826 2507 indigne
854 2412 1004 2484 ferebat.

371 2536 428 2607 Eo
456 2532 551 2608 bello
576 2537 611 2629 2)
648 2534 804 2630 primum·
820 2534 998 2607 fortunam
1017 2535 1132 2607 minus
1150 2534 1346 2608 secundam
1365 2559 1492 2632 experu

316 2675 384 2745 tuS,
403 2658 451 2729 ad
465 2672 668 2729 extremum
681 2657 869 2729 victoriam
884 2658 931 2729 ab
945 2658 1051 2731 hoste
1065 2656 1209 2746 rettulit,
1227 2683 1383 2756 eumque
1397 2658 1491 2731 adeo

316 2779 423 2867 ursit,
456 2794 493 2851 ut
520 2804 631 2874 opem
659 2779 815 2851 Romani
842 2780 1070 2874 imperatoris
1098 2781 1264 2855 invocare
1288 2800 1490 2879 cogeretur.

372 2902 549 2975 Nimirum
587 2889 805 2974 manifestius
831 2901 888 2973 hic
915 2903 1134 2993 ostenderat,
1165 2906 1251 3003 quid
1278 2907 1326 2979 de
1353 2909 1492 2981 Parthis

317 3026 476 3114 sentiret,
507 3051 618 3123 quam
643 3039 682 3097 ut
709 3022 780 3096 ulla
807 3023 974 3122 cuiquam
999 3041 1125 3121 posset
1154 3054 1236 3102 esse
1255 3029 1433 3105 dubitatio
1449 3031 1492 3103 de

317 3150 488 3246 partibus
534 3175 624 3247 quas
653 3150 687 3221 in
714 3147 810 3222 bello
839 3164 917 3222 erat
944 3165 1184 3246 suscepturus.
1241 3153 1304 3226 Ab
1337 3181 1384 3228 eo
1411 3155 1491 3227 inde

233 3267 235 3271 ¹
318 3289 494 3368 tempore,
532 3298 604 3369 quo
642 3273 823 3367 Tigranes
859 3272 893 3343 in
930 3272 1040 3345 fidem
1073 3272 1196 3370 populi
1234 3276 1389 3351 Romani
1417 3295 1494 3352 erat

319 3411 494 3493 receptus,
526 3394 659 3468 nullam
686 3421 779 3493 quae
807 3422 849 3468 se
878 3394 1057 3471 obtulerat
1075 3400 1304 3474 occasionem
1322 3401 1491 3501 neglexit,

324 3594 525 3607 -....-...,...

359 3689 381 3747 1)
401 3686 439 3736 Cf.
468 3686 520 3733 Dio
553 3686 652 3735 Cassius
680 3698 722 3749 37,
751 3687 798 3735 62.
817 3682 866 3737 καὶ
885 3680 1002 3750 προσέτι
1018 3682 1070 3738 καὶ
1086 3682 1158 3751 πρὸς
1175 3682 1227 3755 τὴν
1245 3680 1389 3755 ἐπίκλησιν
1407 3685 1493 3741 αὐτοῦ

319 3764 434 3842 ὕβρισεν
460 3762 532 3840 ᾗπερ
557 3767 628 3835 πρός
651 3789 680 3824 τε
699 3767 766 3832 τοὺς
784 3767 885 3834 άλλονς
903 3768 1014 3832 πάντας
1031 3766 1165 3840 ἠγάλλετο
1184 3771 1233 3826 καὶ
1249 3771 1321 3841 πρὸς
1334 3770 1493 3843 Ῥωμαίους,
1591 3765 1592 3780 ³

320 3847 491 3908 οὖτοίτε
514 3846 560 3906 αὖ
580 3849 857 3920 πρόςὲιιεῐνον
877 3852 1054 3909 άείποτε
1075 3849 1308 3925 ἐκέχρηντο.

356 3942 420 3991 Plut.
450 3941 539 4004 Pomp.
571 3940 622 4003 38:
653 3935 731 3993 Οὐδὲ
759 3937 860 4009 ἠξίωσε
881 3936 931 3993 τὸν
950 3936 1073 4006 Πάρθον
1099 3935 1282 4010 ἀντιγράφων
1307 3936 1437 4010 ὥσπερ
1462 3937 1498 3995 οἷ

320 4029 335 4079 λ
345 4045 359 4080 ο
370 4046 380 4079 ι
390 4044 411 4079 τι
423 4045 437 4079 ο
448 4025 458 4078 l
476 4022 592 4098 βασιλέα
611 4023 746 4096 βασιλέων
765 4027 1001 4096 προσαγορεῦσαι.
1441 4019 1443 4023 ’

356 4113 394 4165 Ct'.
416 4122 544 4178 praeterea
564 4114 616 4162 Dio
638 4114 680 4191 66,
702 4128 741 4165 11.

357 4204 381 4262 2)
401 4202 431 4249 In
452 4217 535 4249 errore
556 4209 666 4250 versatur
687 4202 739 4251 Dio
760 4214 801 4267 37,
823 4204 848 4261 6,
867 4217 925 4251 cum
944 4202 1075 4252 Phraatem
1094 4203 1120 4251 in
1138 4204 1285 4253 Armeniam
1303 4206 1423 4255 invasisse
1437 4204 1496 4255 affir-

321 4298 374 4338 mat
396 4281 467 4353 μετά
496 4286 546 4337 τοῦ
575 4282 654 4347 υῑέος
672 4284 762 4341 αὐτοῦ
780 4291 916 4355 (Tigranis)
934 4279 956 4359 ᾧ
976 4284 1028 4357 τὴν
1044 4285 1193 4357 θυγατέρα
1211 4283 1354 4351 ἐδεδώκει.
1373 4295 1408 4344 Ut
1427 4308 1498 4358 supra

319 4377 438 4435 vidimus,
458 4379 524 4441 (pag.
545 4380 597 4439 37.)
616 4376 733 4441 Tigranis
752 4379 818 4428 filius
837 4388 965 4429 catenatus
985 4380 1096 4428 Romam
1116 4380 1239 4431 deductus
1257 4390 1302 4442 est,
1321 4384 1407 4449 ibique
1426 4383 1497 4431 etiam

320 4476 381 4530 post
411 4464 516 4528 Pompei
542 4464 697 4529 triumphurn
715 4468 841 4525 remansit,
875 4467 959 4516 donec
977 4483 1044 4515 anno
1065 4466 1098 4529 58
1116 4469 1223 4532 pecunia
1244 4479 1376 4536 corruptus
1396 4469 1497 4519 Clodius

325 4568 383 4627 eum
401 4552 507 4601 vinculis
527 4561 640 4618 ereptum
659 4554 761 4605 dimisit.
781 4554 820 4605 Cf.
840 4556 905 4605 Plut.
928 4557 1018 4620 Pomp.
1038 4554 1089 4617 483
1110 4557 1162 4607 Dio
1185 4556 1226 4620 38.
