3292 5259
669 387 671 392 ’
749 393 764 455 5

167 546 260 620 Mira
293 548 387 620 enim
414 574 481 645 per
504 564 620 621 totam
646 548 887 621 narrationem
915 545 1069 643 pellucet
1096 561 1134 618 et
1161 571 1279 618 rerum
1307 561 1344 618 et

168 668 328 745 locorum
357 673 526 778 cognitio
548 673 716 772 adeoque
732 672 852 745 omnia
866 671 992 744 vividis
1008 668 1186 744 coloribus
1201 670 1344 767 depicta
1369 706 1376 715 ·

168 812 260 885 sunt,
296 812 335 869 ut
369 795 511 870 lectoris
546 798 684 870 animus
720 812 903 881 armorum
935 796 1123 891 strepitum
1157 795 1288 875 audire,
1306 811 1343 867 et

168 919 320 993 infinitos
345 923 594 995 Romanorum
621 920 766 995 labores
793 946 1056 1019 aerumnasque
1079 945 1252 1016 praesens
1271 945 1343 992 cer·

168 1072 253 1120 nere
281 1047 348 1120 sibi
372 1048 545 1121 videatur.

222 1172 329 1266 Quae
371 1200 452 1245 cum
498 1189 583 1270 apte
625 1174 840 1247 conveniant
881 1174 915 1246 in
944 1173 991 1267 Q.
1023 1170 1199 1257 Bellium,
1231 1195 1341 1267 quem

167 1296 328 1370 Antonio
356 1298 512 1370 amicum
539 1313 576 1370 et
604 1296 686 1371 belli
714 1298 868 1370 Parthici
892 1297 1102 1393 participem
1122 1297 1229 1368 fuisse
1244 1296 1342 1367 Stra·

166 1421 270 1494 bonis
298 1422 542 1497 testimonium
563 1423 694 1513 docet,
712 1448 829 1520 neque
844 1423 1001 1495 absurda
1017 1448 1135 1519 neque
1153 1421 1344 1495 temeraria

166 1545 307 1618 videtur
334 1547 499 1643 suspici0,
530 1544 636 1620 Dellii
664 1537 819 1645 vestigia
851 1547 885 1619 in
900 1545 1076 1620 Plutarchi
1091 1572 1202 1644 opere
1216 1543 1339 1618 latere.

168 1670 265 1759 Num
306 1696 393 1743 vero
428 1687 531 1744 extra
568 1697 712 1744 omnem
749 1671 1031 1745 controversiam
1065 1672 1186 1769 posita
1219 1671 1274 1759 sit,
1306 1671 1342 1743 id

167 1795 313 1892 quidem
347 1796 413 1869 nisi
450 1813 512 1869 aut
548 1821 595 1870 ex
621 1795 728 1869 Dellii
755 1796 965 1895 fragmentis
994 1812 1057 1869 aut
1084 1820 1131 1869 ex
1158 1795 1237 1892 ipso
1265 1792 1341 1866 Plu·

164 1921 288 1993 tarcho
318 1922 447 1993 certius
472 1919 604 2019 aliquid
623 1938 808 2019 appareat,
831 1922 865 1993 in
884 1921 1032 1993 dubium
1051 1935 1107 1993 est
1125 1917 1338 1991 vocandum.

164 2045 265 2119 Idem
292 2046 403 2118 sensit
430 2046 616 2119 Hermann
644 2047 760 2120 Peter.
799 2050 833 2143 ι)
864 2047 988 2143 Itaque
1016 2045 1113 2118 haud
1138 2041 1292 2116 alienum
1320 2068 1343 2115 a

164 2171 353 2267 proposito
395 2173 597 2245 existimavi
642 2187 756 2244 totam
791 2171 1041 2268 quaestionem
1070 2183 1281 2257 retractare,
1311 2167 1341 2241 si

166 2296 257 2368 sorte
285 2322 418 2369 novam
445 2295 561 2370 lucem
589 2297 622 2370 ei
651 2296 849 2369 accendere
876 2320 1034 2392 possem.

219 2420 328 2493 Felici
357 2448 442 2495 casu
471 2422 678 2511 acciditur
706 2418 1051 2518 Strab0,1quoloco
1080 2417 1187 2492 Dellii
1207 2418 1341 2490 mentio

165 2546 293 2620 iniecta
335 2563 401 2638 est,
446 2546 548 2620 simul
594 2548 704 2620 etiam
737 2572 784 2619 ex
812 2573 924 2644 opere
952 2546 1028 2619 eius
1058 2545 1218 2617 citaverit
1245 2545 1341 2616 testi-

165 2672 323 2744 monium
352 2672 528 2770 quantivis
555 2672 668 2769 pretii,
700 2672 799 2770 quod
828 2672 937 2744 miror
961 2696 1079 2767 neque
1107 2670 1155 2742 ab
1169 2669 1340 2742 Heereno

164 2822 282 2894 neque
319 2823 341 2869 a
378 2798 508 2870 Petero
545 2798 580 2869 in
616 2824 719 2869 usum
756 2822 969 2869 conversum
997 2814 1089 2869 essc'.
1145 2794 1279 2891 Agitur
1306 2794 1340 2865 in

166 2946 212 2992 eo
240 2920 287 2993 de
315 2919 475 2994 locorum
503 2920 689 2996 intervallo
718 2923 810 2995 inter
836 2923 1001 2994 Araxem
1027 2920 1160 2992 flumen
1183 2933 1219 2991 et
1233 2934 1341 3015 caput

165 3042 369 3131 Medorum,
409 3046 507 3139 quod
541 3047 588 3119 ab
623 3046 785 3118 Antonio
821 3059 1069 3141 oppugnatum
1105 3057 1170 3115 est.
1206 3041 1340 3115 Strabo

168 3187 241 3259 523
264 3196 270 3238 ;
309 3178 487 3234 Βασίλειον
512 3174 542 3233 δ’
571 3175 684 3235 αὐτῶν
709 3178 851 3251 θερινὸν
877 3178 940 3247 μὲν
966 3172 1003 3232 ἐν
1030 3176 1134 3248 πεδίῳ
1162 3172 1344 3247 ἱδρυμένον

166 3285 309 3355 Γοίζακα,
331 3286 525 3360 χειμερινὸν
550 3286 588 3343 δὲ
614 3283 650 3344 ἐν
667 3288 821 3360 φρουρίῳ
840 3281 974 3358 ἐρυμνῷ
997 3279 1120 3356 Οὐέρα,
1137 3286 1165 3349 2)
1182 3282 1263 3356 ὅπερ
1278 3279 1342 3339 Ἀν-

164 3394 283 3466 τοίνιος
300 3392 520 3470 ἐπολιόρκησε
537 3396 622 3453 κατὰ
633 3397 693 3468 τὴν
703 3392 757 3454 ἐπί
767 3396 993 3469 Παρθυαίους
1003 3394 1191 3467 στρατείαν.
1210 3392 1343 3463 διέχει

164 3506 208 3562 δὲ
226 3508 350 3563 τοῦτο
376 3508 455 3563 .τοῦ
481 3502 646 3580 Ἀράξου
670 3509 862 3575 ποταμοῦ
885 3507 958 3561 τοῦ
976 3500 1283 3577 ὁρίζοντοςτήν
1299 3522 1342 3560 τε

163 3610 375 3688 Ἀρμενίαν
392 3618 461 3671 καί
478 3615 551 3687 τὴν
567 3611 866 3688 Ἀτροιτατηνὴν
883 3618 1083 3685 σταδίους
1101 3617 1342 3685 δισχιλίους

167 3728 234 3781 καί
253 3728 573 3799 τετρακοσίους,
591 3723 637 3797 ὥς
654 3722 783 3798 φησινὸ
795 3722 1219 3796 ΔέλλιοςὸτοῦἉντωνίου
1229 3728 1341 3797 φίλος,

166 3836 360 3909 συγγράψας
377 3836 436 3907 τὴν
454 3832 507 3893 ἐντί
527 3839 751 3910 Παρθυαίους
769 3834 876 3894 αὐτοῦ
895 3839 1075 3910 στρατείαν
1090 3821 1274 3908 ε’νῇνιαρῆν
1284 3839 1342 3891 καί

166 3941 270 4015 αὐτὸς
286 3940 467 4016 ἡγεμονίαν
485 3938 583 4014 ἔχων.
639 3928 782 4001 Eadem
809 3929 900 4002 haec
928 3925 1100 4002 intervalli
1114 3926 1338 4023 significatio

166 4079 260 4153 quae
288 4051 385 4149 apud
404 4050 630 4124 Plutarchum
650 4053 885 4146 desideratur,
902 4052 1000 4128 fideli
1016 4055 1208 4128 concordia
1222 4069 1342 4127 exstat

166 4178 262 4274 apud
294 4176 446 4249 Livium.
486 4176 657 4273 Epitome
693 4179 856 4253 CXXX:
891 4181 1048 4278 ›vz'gzmi
1066 4190 1101 4253 ιί
1123 4206 1194 4252 uno
1221 4179 1341 4251 diebus

164 4311 315 4377 trecenta
351 4302 455 4374 milia
477 4302 581 4399 fuga
614 4302 808 4377 emensus.’'
863 4305 937 4376 lam
966 4305 994 4377 is
1022 4329 1216 4377 consensus
1244 4303 1340 4375 viam

204 4534 226 4592 1)
263 4531 312 4579 Die
331 4530 440 4593 Quellen
459 4530 588 4580 Plutarchs
607 4532 633 4579 in
654 4531 703 4579 den
725 4532 911 4596 Biographieen
933 4534 977 4581 der
997 4534 1100 4581 Romer.
1120 4549 1178 4598 pag.
1201 4543 1257 4596 145.

203 4622 229 4684 2)
267 4620 360 4669 Mirum
388 4626 507 4685 quantum
531 4620 557 4668 in
581 4620 631 4668 hoc
651 4620 756 4669 nomine
774 4621 894 4670 fluctuant
913 4621 1003 4670 diversi
1023 4628 1143 4669 auctores.
1164 4622 1216 4669 Dio
1244 4622 1339 4681 XLIX,

168 4718 218 4772 25:
246 4703 281 4761 ιὰ
308 4703 470 4774 Πράασπα;
494 4708 691 4774 Pseudo-App:
723 4702 860 4773 Φράατα;
879 4709 961 4759 Plut:
983 4702 1118 4772 Φραάρια
1136 4709 1177 4757 vel
1197 4703 1337 4773 Φραόρτα.
