3292 5259
870 351 908 406 90

298 529 355 576 res
391 502 648 599 Cappadociae
688 503 785 600 regis
821 502 1086 590 Ariobarzanis,
1124 501 1221 574 cuius
1257 501 1408 576 salutem
1435 519 1472 576 et

297 629 577 703 incolumitatem
603 654 626 701 a
649 643 776 700 senatu
805 626 1099 699 commendatam
1126 625 1286 700 habebat
1319 629 1366 722 r).
1453 611 1455 616 ¹

351 755 473 827 Antea
510 779 599 826 vero
641 777 750 851 quam
780 749 954 848 reliquam
989 752 1232 825 narrationem
1261 776 1473 850 persequor,

297 895 434 951 rectum
462 892 500 951 et
524 903 680 974 aequum
708 876 755 948 de
784 875 968 948 Ciceronis
997 873 1124 948 bellica
1151 874 1258 948 laude
1288 875 1472 948 serendum

297 998 463 1075 iudicium
504 1002 668 1099 flagitare
705 1001 789 1072 mihi
829 1001 978 1090 videtur,
1018 1017 1067 1088 ut,
1098 1015 1271 1097 quantum
1297 999 1373 1072 eius
1399 997 1473 1070 fieri

297 1143 428 1224 potest,
457 1143 622 1199 accurate
650 1126 874 1222 indagemus,
903 1125 1047 1224 quinam
1075 1125 1202 1196 suerint
1230 1139 1303 1196 tres
1318 1123 1363 1196 illi
1383 1124 1471 1210 dies,

297 1279 388 1349 quos
430 1252 471 1323 in'
504 1251 558 1323 his
582 1251 708 1348 castris
735 1276 776 1323 se
804 1243 1081 1322 commoratum
1096 1275 1177 1321 esse
1206 1247 1370 1321 affirmat.
1399 1249 1473 1320 lam

297 1377 418 1449 statim
443 1376 536 1448 duos
561 1375 639 1448 dies
664 1375 862 1448 certissime
892 1374 1048 1446 indicare
1073 1371 1245 1446 valemus.
1284 1373 1322 1444 ln
1349 1371 1474 1445 litteris

297 1501 345 1573 ad
374 1501 534 1573 Atticum
566 1500 639 1595 (Vl,
678 1503 763 1595 rt.)
795 1498 965 1597 legimus:
998 1499 1281 1572 »recentissimas
1309 1525 1332 1570 a
1354 1499 1473 1595 Cybis-

296 1628 367 1697 tris
403 1637 434 1698 te
469 1651 566 1698 meus
602 1627 742 1697 litteras
777 1625 906 1696 trabere
939 1625 1011 1709 ari,
1042 1649 1074 1696 a.
1103 1623 1139 1695 d.
1170 1621 1207 1694 X
1235 1620 1475 1694 Kalendas

297 1750 513 1822 Octobris
541 1747 678 1823 datas.''
706 1749 811 1822 Haec
839 1774 861 1821 a
889 1748 1066 1854 Cybistris
1094 1744 1259 1844 epistola,
1281 1773 1377 1844 quae
1398 1744 1475 1819 tulit

297 1890 466 1962 aetatem,
511 1875 641 1946 eadem
671 1871 739 1946 'est
779 1888 889 1970 atque
927 1874 974 1946 ad
1008 1873 1085 1945 Art.
1124 1873 1168 1945 V.
1212 1897 1268 1962 19.
1308 1870 1474 1944 Alterum

299 1998 396 2070 diem
437 1998 644 2094 suppeditat
676 1996 828 2094 epistola
856 1998 904 2070 ad
930 1997 1006 2069 Art.
1038 1997 1082 2068 V.
1121 2001 1181 2085 18,
1212 1996 1303 2069 haec
1330 2021 1478 2093 quoque

300 2123 386 2194 data
410 2147 457 2194 ex
485 2124 609 2195 castris
637 2122 684 2194 ad
714 2101 884 2218 Cybistra
914 2123 969 2218 (cs.
987 2125 1010 2217 g
1031 2146 1064 2193 1:
1093 2148 1179 2194 »ros
1194 2123 1233 2193 z'n
1250 2121 1477 2216 Cappadocia

300 2249 352 2319 ud
380 2248 544 2320 Taurum
571 2275 650 2320 rum
677 2249 834 2320 exarcatu
861 2249 915 2320 art
939 2245 1153 2344 Cybr'strffi),
1179 2271 1288 2343 quam
1307 2245 1478 2341 scriptam

301 2398 382 2444 esse
423 2399 456 2444 a.
500 2373 534 2444 d.
577 2373 642 2444 Xl
670 2373 757 2444 Kal.
797 2373 957 2446 Octobris
985 2371 1128 2444 abunde
1157 2385 1313 2459 constat,
1343 2369 1477 2442 etenim

301 2522 383 2568 eam
415 2496 558 2592 respicit
586 2497 725 2584 Cicero,
753 2497 813 2568 ubi
838 2487 924 2568 dicit
950 2496 985 2566 in
1012 2493 1136 2568 litteris
1170 2494 1217 2566 ad
1245 2493 1408 2565 Atticum
1430 2493 1473 2564 V.

308 2645 371 2710 19:
406 2622 658 2718 ›obsrgnurum
686 2623 761 2692 ium
788 2621 972 2716 apastolum
997 2647 1084 2706 eum,
1102 2645 1209 2715 quarn
1219 2628 1311 2714 puto
1328 2629 1360 2690 te
1379 2619 1479 2692 modo

292 2746 498 2841 perlegrsse,
534 2746 705 2840 scriptam
730 2771 808 2816 meu
836 2771 958 2830 muru,
992 2745 1032 2816 in
1057 2770 1126 2840 qua
1153 2745 1273 2816 omnia
1303 2745 1478 2815 contaren-

301 2880 373 2956 tur,
400 2896 479 2942 cum
506 2870 620 2941 subito
650 2869 769 2964 Appzi‘
789 2869 996 2941 tabellarius
1024 2893 1055 2940 a.
1087 2868 1120 2940 d.
1151 2868 1202 2940 Xl
1227 2866 1322 2940 Kal.
1345 2866 1478 2938 Octo·

302 2995 406 3067 bres
418 3052 535 3067 ......
585 2985 695 3066 φηὶἰιί
721 3002 804 3064 tuas
836 2993 974 3064 litteras
1011 2989 1200 3065 reddzitz't.'’
1236 2991 1327 3084 Quis
1355 3006 1477 3063 autem

302 3135 380 3191 erat
419 3120 542 3190 tertius
576 3117 633 3190 ille
668 3118 768 3190 dies?
815 3117 899 3189 Non
927 3116 1075 3214 quidem
1103 3115 1187 3188 mihi
1216 3140 1357 3188 sumam
1385 3116 1478 3186 huuc

301 3242 398 3314 diem
427 3259 524 3315 certe
553 3258 590 3314 et
617 3258 782 3315 accurate
813 3241 972 3328 definire,
1001 3240 1069 3312 sed
1097 3264 1215 3319 exeo,
1233 3238 1332 3335 quod
1348 3239 1478 3310 Cicero

302 3369 336 3439 in
362 3366 525 3463 epistola,
556 3392 666 3465 quam
693 3366 832 3461 scripsit
861 3389 892 3436 a.
924 3364 958 3436 d.
989 3363 1035 3434 X.
1067 3361 1148 3436 Kal.
1180 3361 1275 3450 Oct,
1298 3387 1343 3435 ne
1362 3362 1477 3434 verbo

302 3491 448 3588 quidem
494 3503 756 3562 commemorat
791 3515 832 3560 se
867 3504 984 3560 castra
1025 3513 1106 3560 esse
1155 3503 1362 3573 moturum,
1381 3485 1477 3560 haud

302 3607 586 3710 improbabiliter
613 3613 776 3685 conicere
802 3612 886 3684 mihi
906 3612 1042 3700 videor,
1064 3611 1238 3707 postridie
1262 3637 1345 3684 eum
1361 3611 1478 3683 adhuc

303 3739 350 3811 ad
387 3739 556 3833 Cybistra
601 3737 818 3810 consedisse.
864 3736 975 3830 Quod
1011 3737 1040 3808 si
1073 3761 1198 3809 verum
1231 3750 1296 3823 est,
1328 3751 1478 3808 eventus

303 3863 394 3935 hunc
420 3863 455 3933 in
482 3862 631 3934 modum
659 3887 741 3934 sese
769 3877 1007 3956 exceperunt:

356 4013 388 4059 a.
419 3987 453 4058 d.
484 3986 574 4058 Xlll.
605 3983 686 4058 Kal.
718 3984 799 4058 Oct.
829 3985 1024 4057 afferuntur
1046 3983 1185 4057 litterae
1205 3981 1476 4057 Tarcondimoti

295 4128 340 4183 'et
385 4109 575 4197 lamblichi,
613 4136 723 4208 quum
757 4111 886 4182 Cicero
922 4125 1019 4181 esset
1047 4107 1234 4182 infinibus
1271 4106 1476 4202 Lycaoniae

303 4251 340 4308 et
368 4235 635 4332 Cappadociae.
1135 4253 1136 4256 ’
1293 4221 1295 4226 ’

356 4386 389 4432 a.
426 4360 460 4433 d.
505 4359 571 4430 Xll
612 4356 693 4430 Kal.
738 4358 820 4431 Oct.
866 4358 994 4431 Cicero
1037 4358 1267 4454 progreditur
1296 4355 1473 4452 Cybistra,

343 4668 367 4726 1)
387 4661 426 4709 Cf.
445 4661 478 4709 ad
498 4661 568 4708 Fam.
590 4659 646 4706 XV.
668 4671 691 4711 2.
710 4673 736 4718 4.
