3292 5259
738 370 775 432 59

167 525 284 621 prium
308 524 371 597 suit
396 549 539 613 nomen,
569 525 713 598 Surena
726 541 848 598 autem
868 550 999 599 nomen
1018 526 1248 624 magistratus
1267 525 1342 600 sive

168 648 363 745 dignitatis,
394 645 490 720 illum
517 647 723 744 designans
752 649 812 745 qui
841 650 1044 745 proximum
1072 674 1096 722 a
1119 675 1209 746 rege
1228 647 1346 722 locum
1395 711 1398 720 .

168 773 358 846 obtineret.
390 816 441 826 -
469 771 519 844 Ut
546 773 721 860 omittam,
747 772 936 861 ¹Zosimum
962 801 1019 847 res
1042 799 1129 848 suae
1148 775 1273 846 uelatis
1287 796 1347 846 ex·

167 921 325 992 ponere,
354 895 450 992 quid,
478 896 641 985 obsecro,
658 922 767 968 unum
782 897 1024 971 testimonium
1038 897 1220 993 scriptoris
1235 895 1346 972 multo

168 1035 291 1094 aetate
306 1019 514 1116 posterioris
528 1019 576 1092 ad
593 1019 812 1116 singularem
827 1020 930 1104 Livii,
947 1020 1146 1108 Strabonis
1155 1019 1342 1110 Plutarchi,

168 1144 297 1217 Dionis
306 1167 531 1231 consensum,
549 1145 609 1242 qui
622 1170 749 1218 omnes
759 1146 792 1218 ei
802 1124 1103 1219 Surenaehomen
1113 1145 1293 1218 tribuunt?
1310 1149 1343 1242 1)
1441 1227 1445 1234 ,
1487 1144 1494 1156 '

220 1266 342 1342 Aliam
380 1269 477 1343 viam
519 1268 717 1366 ingreditur
753 1268 823 1340 Th.
854 1261 1059 1342 Mommsen
1090 1269 1178 1366 (Res
1207 1270 1344 1343 Gestae

168 1393 252 1464 Divi
280 1393 448 1491 Augusti,
478 1417 564 1490 pag.
597 1396 662 1488 85)
693 1394 858 1489 cogitans
887 1419 957 1483 non
986 1394 1033 1467 de
1062 1393 1193 1481 Crassi,
1214 1394 1280 1466 sed
1299 1391 1365 1468 de'

166 1517 316 1591 Antonii
344 1515 457 1591 clade.
516 1518 832 1591 Commemoratur
860 1517 955 1590 enim
981 1523 1006 1590 ¹a
1020 1515 1209 1591 Plutarcho
1223 1517 1258 1590 in
1271 1518 1346 1590 vita

168 1639 317 1712 Antonii
334 1644 426 1737 (cap.
447 1644 523 1737 37.)
545 1642 741 1714 Monaeses
756 1641 914 1736 quidam,
932 1641 992 1738 qui
1007 1666 1102 1715 anno
1119 1662 1166 1735 37
1183 1643 1345 1716 Phraatis

164 1761 415 1839 crudelitatem
442 1764 619 1861 effugiens
647 1765 695 1838 ad
723 1765 921 1838 Antonium
949 1791 989 1840 se
1013 1765 1169 1854 contulit,
1186 1767 1292 1863 eique
1306 1792 1346 1838 se
1439 1773 1453 1796 '

164 1887 267 1960 ducis
299 1913 450 1985 operam
483 1889 517 1961 in
542 1887 638 1963 bello
664 1889 831 1962 Parthico
858 1890 1111 1986 praestiturum
1136 1889 1341 1986 spopondit.

164 2011 230 2083 Ab
255 2010 416 2084 Antonio
443 2011 632 2108 splendide
659 2029 829 2110 acceptus
855 2029 892 2087 et
905 2014 1118 2087 Parthorum
1133 2037 1197 2087 rex
1211 2014 1346 2086 iuturus

164 2135 378 2232 designatus
406 2162 503 2224 mour,
534 2162 616 2209 cum
641 2137 814 2211 Phraates
840 2138 906 2211 sibi
933 2153 1095 2211 metuens
1105 2163 1188 2210 eum
1200 2162 1344 2210 revoca*

164 2275 233 2347 ret,
269 2260 302 2331 in
328 2261 482 2356 patriam
510 2261 666 2334 revertit.
702 2261 808 2333 Hunc
836 2259 931 2336 bello
958 2261 1038 2335 anni
1070 2267 1117 2354 36
1145 2261 1342 2334 interfuisse
1373 2345 1376 2352 Ι

86 2467 88 2471 ,
164 2383 395 2481 perspicuum
421 2400 476 2458 est
504 2411 552 2458 ex
577 2382 767 2457 Plutarcho
799 2385 947 2482 (Anton.
971 2386 1049 2480 46.)
1072 2399 1249 2471 narrante,
1267 2384 1344 2456 Mo·

166 2533 316 2581 naesem
330 2509 492 2582 Antonio
505 2509 539 2581 in
553 2509 697 2605 Syriam
709 2509 873 2582 redeunti
887 2507 1198 2580 benemeritorum
1208 2507 1343 2603 gratias

166 2630 354 2705 rettulisse.
411 2633 465 2704 At
492 2633 573 2705 huic
598 2631 881 2728 interpretationi
910 2632 1042 2720 obstat,
1073 2631 1172 2728 quod
1201 2657 1224 2704 a
1248 2629 1343 2703 nullo

167 2755 340 2852 scriptore
378 2758 573 2830 Monaeses
613 2758 693 2829 dux
730 2755 954 2828 Parthorum
988 2770 1113 2828 contra
1145 2754 1343 2827 Antonium

169 2896 482 2968 commemoratur,
500 2906 619 2977 neque
632 2876 820 2976 probabile
835 2878 938 2967 duco,
956 2878 1147 2952 Phra'atem
1163 2902 1341 2950 summam

170 3028 287 3075 rerum
302 3005 523 3079 commisisse
539 3006 572 3079 ei
586 3005 673 3093 viro,
691 3005 751 3101 qui
765 3004 867 3078 brevi
882 3019 966 3077 ante
980 3001 1160 3075 luculento
1172 3000 1341 3098 exemplo

170 3126 315 3201 dubiam
340 3155 443 3202 suam
467 3129 575 3203 fidem
602 3129 830 3203 ostendisset.

220 3252 350 3324 Acrius
380 3252 548 3326 historiae
584 3267 774 3348 repugnat,
807 3251 908 3348 quod
932 3247 1098 3324 Pacorus
1125 3275 1197 3322 non
1225 3249 1343 3346 auspi-

166 3391 266 3449 catos
292 3375 446 3472 impetus
473 3377 678 3450 contudisse
706 3375 842 3449 dicitur.
872 3375 969 3448 Audi
995 3375 1107 3447 modo
1122 3374 1343 3446 Strabonem

170 3505 264 3590 748:
295 3516 329 3575 οἱ
354 3517 391 3574 ‹rt
414 3522 613 3591 Παρθυαῖοι
629 3520 687 3573 καὶ
703 3516 871 3590 πρότερον
886 3517 950 3586 μὲν
967 3511 1167 3588 ἐφρόντιζον
1182 3517 1241 3585 τῆς
1260 3514 1344 3587 πρὸς

161 3620 348 3706 Ῥωμαὶονς
373 3637 500 3706 φιλίας,
517 3634 579 3691 τὸν
595 3633 633 3690 δὲ
650 3631 798 3707 ἄρξαντα
813 3632 966 3701 πολέμου
985 3630 1144 3704 Κράσσον
1160 3626 1343 3701 ἠμύναντο·

167 3760 235 3813 καὶ
259 3754 392 3814 αὐτοὶ
418 3754 638 3830 ἄρξαντες
662 3759 739 3827 τῆς
766 3755 1014 3825 μάχηςτῶν
1039 3750 1148 3809 ἴσων
1166 3748 1343 3822 ἔτυχον,

165 3883 295 3959 ἡνίκα
323 3884 527 3957 ἔπεμψαν
553 3882 625 3943 ἐπὶ
647 3886 724 3958 τὴν
738 3882 874 3942 Ἀσίαν
891 3884 1119 3956 Πάκορον.
1175 3861 1344 3937 Similiter

166 3993 275 4066 ceteri
314 4009 480 4066 auctores
512 3994 547 4087 2)
568 3980 626 4064 ‚ad
654 4015 763 4062 unum
791 4015 918 4062 omnes
947 3988 1140 4076 declarant,
1172 3989 1344 4084 impetum

166 4140 238 4188 non
277 4141 300 4190 a
341 4116 526 4203 Romanis,
565 4115 631 4187 sed
656 4117 703 4188 ab
731 4115 810 4211 ipso
837 4115 976 4187 Pacoro
1004 4139 1047 4186 ac
1074 4114 1237 4186 Labieno
1264 4139 1343 4186 esse

166 4240 376 4332 proiectum.

191 4401 369 4410 ,-..---.-.-

207 4479 228 4535 1)
248 4475 285 4523 Cf.
306 4475 361 4523 Liv.
382 4475 457 4533 cvl;
479 4473 569 4523 Strabo
591 4484 659 4538 7473
678 4474 743 4522 Plut.
762 4474 788 4522 in
808 4475 859 4524 vita
878 4475 958 4525 Crassi
969 4495 976 4536 ς
997 4477 1049 4524 Dio
1069 4475 1124 4534 XL,
1148 4475 1186 4525 16.

205 4568 229 4623 2)
247 4565 311 4614 Plut.
332 4566 391 4612 Ant.
414 4576 464 4624 303
483 4562 550 4612 Vell.
570 4562 607 4620 II,
628 4560 677 4622 783
699 4562 749 4609 Dio
771 4562 865 4621 XLIX,
887 4575 920 4611 20
931 4580 984 4628 sqq.
1000 4565 1053 4612 Liv.
1066 4563 1199 4622 CXXVII,
1210 4570 1342 4612 utceteros

169 4651 262 4712 peioris
282 4663 358 4702 notae
376 4652 509 4715 scriptores
529 4651 650 4698 omittam.
