3292 5259
725 347 760 402 31

157 524 280 572 sorum
316 498 413 571 necis
447 496 544 586 ultio,
583 514 622 570 ut
655 499 714 595 qui
743 498 890 570 viduam
925 499 963 570 P.
1002 499 1123 571 Crassi
1150 501 1185 571 in
1213 504 1330 575 matri-

157 622 279 695 monio
308 621 467 694 haberet.

211 745 322 818 Haud
355 745 470 817 minus
505 746 626 841 inepta
653 760 709 818 est
744 744 857 819 altera
884 773 1004 834 causa,
1044 773 1152 845 quam
1179 750 1330 822 Iustinus

155 869 302 967 profert.
333 869 492 941 Tantum
520 869 615 941 enim
633 870 746 957 abest,
778 885 817 942 ut
835 866 931 942 bello
949 870 1191 944 Mithridatico
1210 872 1330 945 Parthi

156 994 347 1066 amicitiam
385 1018 466 1067 cum
502 993 678 1088 Pompeio
711 994 963 1080 contraxerint,
1002 1010 1042 1067 ut
1077 995 1203 1068 foedus
1231 998 1330 1093 quod

156 1133 240 1190 ante
267 1117 307 1189 iis
336 1132 425 1189 cum'
444 1117 619 1189 Romanis
646 1117 906 1205 intercesserat,
936 1118 983 1189 ab
1003 1144 1049 1190 eo
1068 1119 1146 1214 ipso
1164 1136 1329 1216 tempore

154 1258 318 1314 extrema
353 1242 505 1337 Pompei
537 1240 687 1337 perfidia
719 1240 892 1313 violatum
925 1267 967 1313 ac
1004 1240 1213 1314 dissolutum
1249 1269 1330 1319 esse

154 1380 304 1438 constet.
336 1364 447 1457 Quod
475 1380 514 1437 ut
540 1380 637 1437 recte
652 1364 877 1461 intelligatur,
908 1367 1215 1462 operaepretium
1233 1368 1329 1441 vide·

153 1508 211 1562 tur
245 1516 303 1562 res
339 1488 522 1562 Parthicas
554 1485 674 1584 paullo
709 1488 813 1561 altius
853 1505 1019 1585 repetere
1059 1506 1097 1561 et
1137 1488 1328 1586 diligenter

153 1614 330 1712 inquirere
358 1638 537 1711 quaenam
570 1614 782 1685 Parthorum
811 1613 846 1684 in
873 1611 968 1686 bello
996 1613 1237 1687 Mithridatico
1257 1616 1329 1688 sue-

151 1739 221 1811 rint
245 1753 378 1834 partes,

206 1862 325 1958 Supra
365 1863 495 1934 verbo¹
517 1862 588 1933 iam
625 1861 699 1933 dixi
734 1861 941 1933 Mithridate
975 1862 1114 1958 Magno
1154 1879 1329 1958 regnante

152 1986 326 2074 evenisse,
359 2001 397 2057 ut
424 1985 544 2057 Parthi
573 1986 606 2056 in
635 1986 883 2057 Romanorum
902 1985 1064 2057 notitiam
1087 1987 1324 2081 pervenerint.

153 2112 262 2183 Anno
291 2136 338 2201 92
369 2111 410 2182 L.
434 2107 621 2182 Cornelius
641 2106 740 2181 Sulla
762 2134 809 2181 ex
823 2107 1133 2182 senatusconsulto
1152 2110 1186 2180 in
1201 2110 1329 2182 Asiam

153 2235 281 2306 missus
315 2249 380 2321 est,
418 2249 456 2305 ut
489 2232 660 2307 bellicosa
691 2234 902 2329 reprimeret
923 2233 1153 2333 Mithridatis
1191 2232 1328 2306 Pontici

153 2355 310 2446 consilia,
341 2374 378 2430 et
405 2358 699 2445 Ariobarzanem,
730 2382 857 2451 regem
886 2357 1153 2453 Cappadociae,
1184 2355 1328 2454 quiim-

153 2483 256 2579 perio
277 2480 449 2578 spoliatus
464 2479 615 2577 supplex
629 2478 752 2577 populi
767 2481 923 2553 Romani
937 2480 1047 2554 fidem
1063 2479 1326 2577 imploraverat,

153 2608 187 2679 in
222 2607 388 2704 patrium
408 2606 597 2679 reduceret
630 2632 793 2702 regnum.
847 2606 951 2679 Haec
983 2607 1155 2679 mandata
1182 2604 1330 2680 feliciter

152 2747 343 2805 exsecutus
371 2756 485 2829 usque
509 2731 556 2803 ad
571 2731 794 2827 Euphratem
812 2751 1028 2827 progressus
1047 2746 1113 2818 est,
1153 2756 1226 2827 quo
1245 2746 1329 2803 ante

152 2854 248 2927 illum
277 2881 384 2929 nemo
413 2856 600 2928 Romanus
626 2870 851 2952 pervenerat,
883 2855 1002 2952 ibique
1024 2854 1071 2926 ad
1090 2880 1171 2926 sese
1187 2854 1330 2954 admisit

152 2978 365 3049 Parthorum
401 2975 544 3073 legatos
581 3002 603 3049 a
639 3003 728 3072 rege
766 2978 906 3055 Arsace
934 2978 1111 3049 amicitiae
1148 2977 1329 3072 petendae

154 3125 263 3171 causa
283 3100 421 3171 missos.
445 3103 478 3193 1)
509 3101 663 3172 Posthac
677 3098 819 3186 nullum,
847 3100 948 3198 quod
962 3100 1125 3189 sciamus,
1147 3102 1329 3199 utriusque

153 3221 277 3320 populi
306 3222 369 3293 suit
396 3222 661 3310 commercium,
692 3222 809 3294 donec
837 3219 1005 3295 Lucullus
1030 3224 1135 3321 signa
1163 3225 1330 3297 Romana

83 3388 84 3391 ¹
153 3348 186 3419 in
229 3346 442 3419 Armenium
481 3370 633 3444 regnum
669 3347 855 3419 convertit.
887 3346 946 3419 De
975 3348 1071 3420 omni
1099 3349 1198 3445 quod
1225 3350 1328 3420 inter-

152 3472 283 3544 iectum
323 3484 379 3543 est
407 3486 571 3567 tempore
599 3470 634 3541 in
662 3471 838 3543 aterrimis
867 3471 1023 3544 tenebris
1041 3497 1235 3543 versamur.
1289 3472 1328 3544 Id

152 3611 292 3669 tantum
326 3619 373 3668 ex
410 3621 481 3668 uno
521 3591 682 3667 alterove
714 3594 921 3667 testimonio
954 3593 1131 3667 Plutarchi
1161 3621 1204 3668 ac
1232 3596 1328 3669 Stra·

153 3720 257 3792 bonis
290 3734 514 3815 compertum
547 3717 732 3806 habemus
768 3722 921 3813 regnum
953 3732 1036 3821 tunc
1071 3734 1108 3791 et
1141 3719 1327 3792 discordiis

154 3839 313 3915 civilibus
342 3857 379 3914 et
405 3840 565 3915 cladibus
592 3839 688 3914 bello
707 3841 883 3913 Armenio
902 3842 1058 3937 acceptis
1077 3843 1111 3914 in
1125 3859 1326 3916 extremum

153 3966 344 4041 discrimen
376 3991 457 4038 esse
494 3965 697 4038 adductum.
732 3967 767 4060 2)
826 3964 965 4038 Auctor
1013 3966 1139 4039 harum
1174 3967 1328 4066 cladium

193 4193 218 4264 1)
238 4195 276 4246 Cf.
303 4196 379 4246 Auct.
405 4194 438 4242 de
465 4193 523 4243 viris
554 4194 691 4245 illustribus
712 4205 758 4258 753
788 4197 857 4260 App.
879 4196 979 4245 Bellum
998 4196 1084 4248 Mithr.
1105 4206 1156 4258 573
1184 4196 1239 4244 Liv.
1259 4196 1326 4260 Epit.

155 4295 205 4346 703
225 4283 290 4331 Plut.
310 4281 382 4330 Sulla
400 4291 424 4344 5.

190 4374 214 4433 2)
233 4370 271 4419 Cf.
300 4370 365 4419 Plut.
390 4370 489 4419 Lucull.
510 4369 562 4431 36:
582 4367 631 4435 τῆς
647 4362 678 4419 δὲ
698 4362 827 4432 Πάρθων
844 4364 991 4435 δυνάμεως
1007 4362 1058 4433 οὐχ
1074 4360 1126 4433 ὅση
1144 4362 1216 4419 κατὰ
1235 4362 1327 4431 Κράσ-

154 4474 204 4510 σον
221 4449 314 4523 ἐφάνη
333 4451 471 4522 τοσαύτης
489 4449 628 4507 καὶκατὰ
646 4450 826 4506 Λούκουλλον
844 4450 929 4521 οὔσης
943 4448 1006 4506 οὐδ’
1025 4448 1127 4519 ὁμοίως
1144 4449 1326 4519 συνεστώσης,

155 4535 210 4593 ἀλλ’
237 4534 285 4593 ὑπ’
313 4534 454 4607 ἐμφυλίων
481 4538 530 4592 καὶ
554 4539 713 4605 προσοίκων
738 4534 867 4606 πολέμων
892 4531 954 4590 οὐδ’
979 4531 1136 4602 Ἀρμενίους
1163 4530 1327 4605 ὑβρίζοντας

154 4618 311 4692 ἒᾷὅωμὲνης
329 4618 497 4692 ἀμύνεσθαι.
