3292 5259
873 317 926 378 .54

318 475 405 571 agit,
435 475 520 573 quin
547 497 655 546 unam
683 472 911 569 eandemque
940 496 1017 545 rem
1045 471 1222 568 respiciat,
1252 497 1324 544 non
1342 472 1489 545 dubium

224 684 228 688 v
318 613 383 671 est.
414 597 667 694 Congruenter
694 595 788 670 enim
816 595 971 683 tradunt,
997 594 1207 691 Augustum
1221 591 1328 667 filium
1347 595 1489 668 Phraati

318 721 497 794 remisisse
534 735 572 794 et
597 716 728 815 legatis
754 743 822 814 pro
850 742 1025 814 responso
1048 717 1204 806 dedisse,
1234 742 1306 790 non
1333 743 1374 791 se
1402 718 1490 790 Tiri-

318 846 427 918 daten
455 843 659 917 dediturum
686 841 849 930 Parthis,
878 868 996 940 neque
1023 842 1197 915 adversus
1230 842 1382 916 Parthos
1401 843 1490 916 Tiri-

318 968 392 1042 dati
405 967 536 1041 auxilia
550 967 727 1040 daturum.
748 967 879 1064 Neque
893 967 1067 1063 temporis
1082 967 1174 1040 ratio
1188 967 1319 1040 obstat.
1346 967 1490 1064 Augus·
1522 970 1524 975 ’

318 1109 394 1165 tum
421 1118 469 1165 ex
494 1089 591 1166 bello
619 1091 836 1165 Cantabrico
863 1091 1011 1164 domum
1032 1091 1223 1164 revertisse
1238 1107 1379 1166 constat
1398 1117 1490 1166 anno

322 1238 370 1306 24
401 1216 469 1312 (Cf.
492 1215 575 1289 ,Dio
603 1215 689 1302 Llll,
715 1218 791 1311 28).
823 1215 966 1310 Quodsi
980 1216 1088 1312 igitur
1101 1215 1290 1288 Tiridaten
1304 1216 1382 1288 sive
1395 1241 1489 1289 anno

322 1364 341 1412 2
347 1361 366 1433 5
398 1355 564 1427 exeunte,
593 1339 671 1412 sive
696 1339 764 1411 sub
781 1338 919 1411 initium
937 1339 1019 1412 anni
1043 1360 1091 1428 24
1109 1339 1209 1412 brevi
1229 1355 1313 1414 ante
1332 1341 1489 1438 Augusti

319 1464 516 1538 discessum
544 1463 580 1535 in
607 1462 819 1559 Hispaniam
846 1463 988 1538 venisse
1017 1489 1098 1537 cum
1125 1464 1258 1537 Iustino
1290 1466 1488 1553 statuimus,

319 1588 470 1686 egregie
497 1586 578 1659 huic
605 1586 919 1660 accommodatum
947 1603 1012 1676 est,
1044 1588 1144 1687 quod
1163 1589 1236 1662 Dio
1255 1589 1374 1694 tradit,
1397 1616 1490 1663 anno

319 1728 413 1810 post,
456 1737 567 1811 quum
603 1711 765 1784 Phraatis
792 1736 938 1809 quoque
971 1709 1082 1809 legati
1111 1713 1270 1786 Romam
1298 1713 1488 1801 venissent,

320 1837 494 1936 Senatum
518 1835 587 1910 litis
614 1835 798 1910 arbitrium
823 1835 994 1933 Augusto
1019 1837 1234 1932 permisisse.
1266 1837 1379 1931 Quod
1405 1853 1490 1912 tem-

194 2058 196 2062 Α
317 1963 416 2059 poris
457 1957 680 2034 intervallum
721 1959 751 2032 si
792 1959 848 2032 cui
890 1959 982 2032 sorte
1023 1958 1165 2056 longius
1194 1961 1369 2049 videatur,
1397 1960 1491 2035 illum

318 2086 516 2160 admonere
542 2083 628 2156 satis
655 2082 732 2171 erit,
764 2083 961 2156 Caesarem
988 2082 1085 2157 haud
1111 2083 1223 2158 multo
1250 2101 1335 2182 post
1359 2084 1491 2160 bellum

318 2207 572 2284 Cantabricum
609 2206 644 2278 in
678 2207 844 2279 morbum
881 2231 1033 2303 gravem
1066 2222 1103 2280 et
1136 2206 1375 2304 periculosum
1411 2235 1490 2284 esse
1565 2297 1567 2302 Ι

318 2331 516 2430 delapsum,
547 2356 594 2404 ex
622 2355 695 2428 quo
722 2330 784 2403 vix
811 2355 1007 2428 aegreque,
1031 2332 1192 2407 Antonio
1211 2334 1317 2407 Musa
1331 2351 1487 2424 curante,

318 2455 552 2532 assurrexerit
582 2454 670 2550 (Dio
701 2476 761 2547 53,
794 2478 869 2547 313
895 2455 996 2528 Suet.
1023 2455 1121 2553 Aug.
1147 2456 1338 2553 81.);fieri
1358 2473 1488 2554 potest,

318 2597 357 2654 ut
383 2581 452 2654 hoc
476 2581 509 2653 ei
537 2579 699 2652 fueritin
727 2603 840 2666 mora,
870 2580 1060 2676 quominus
1078 2581 1175 2677 prius
1202 2579 1331 2678 legatis
1350 2583 1491 2657 dederit

318 2720 493 2778 senatum.
531 2703 601 2774 Hic
628 2702 774 2775 forsitan
802 2702 933 2776 dixerit
959 2701 1109 2801 aliquis:
1144 2704 1326 2777 »nondum
1344 2731 1490 2780 causam

318 2845 417 2902 tuam
442 2826 656 2913 obtinuisti,
685 2826 848 2898 concedo
872 2826 1019 2924 quidem
1046 2827 1116 2901 hoc
1136 2828 1184 2901 de
1208 2826 1391 2925 legatione
1410 2829 1489 2904 Par·

319 2954 461 3026 thorum
502 2974 677 3024 consensu
716 2948 872 3022 nonnihil
914 2953 1087 3025 momenti
1132 2953 1251 3026 lustini
1286 2955 1490 3028 testimonio

318 3077 516 3164 accedere,
560 3099 677 3170 neque
705 3073 740 3144 in
767 3073 915 3146 dubium
943 3101 1024 3149 esse
1052 3077 1270 3167 vocandum,
1302 3079 1401 3177 quod
1430 3079 1488 3153 Ti·

232 3275 234 3279 .
318 3202 451 3274 ridates
492 3199 619 3269 iterum
660 3222 769 3293 opem
808 3197 965 3295 Augusti
998 3197 1251 3296 imploraverit,
1289 3204 1488 3276 sedunum

319 3325 435 3398 adhuc
480 3336 592 3394 restat
628 3320 691 3393 tibi
718 3336 757 3393 ut
784 3325 1022 3410 demonstres,
1053 3349 1126 3422 quo
1156 3297 1231 3399 iirre
1256 3326 1327 3400 fide
1355 3327 1485 3424 dignus

318 3448 380 3520 tibi
417 3446 581 3519 videatur
621 3445 772 3518 lustinus
812 3446 970 3520 referens
1005 3473 1102 3522 anno
1131 3469 1180 3542 25
1216 3451 1416 3524 Drzilatem
1444 3453 1487 3524 ab

318 3572 525 3644 adversaria
560 3595 671 3666 regno
714 3596 786 3643 esse
826 3573 1025 3666 expulsum.
1083 3574 1166 3647 Hoc
1198 3575 1227 3647 si
1255 3599 1341 3648 vere
1370 3577 1488 3649 abeo

319 3693 487 3766 traditum
524 3708 630 3782 esset,
661 3694 863 3766 necessario
891 3720 937 3768 eo
965 3697 1145 3774 sententia
1172 3696 1421 3786 adduceretur,
1449 3713 1487 3770 ut
1590 3691 1591 3696 ¹

319 3816 500 3890 Tiridates
528 3833 613 3913 post
636 3842 767 3889 annum
798 3840 848 3909 30
876 3817 971 3890 bello
997 3836 1174 3892 renovato
1193 3820 1227 3893 in
1246 3845 1398 3918 regnum
1417 3848 1488 3895 res·
1590 3889 1591 3926 ,

318 3940 441 4012 titutus
482 3939 536 4026 sit,
578 3941 677 4036 quod
711 3965 757 4013 ne
791 3941 979 4014 credamus
1008 3945 1114 4016 obest
1143 3943 1227 4033 Dio,
1256 3946 1354 4042 apud
1380 3971 1487 4044 quem
1590 3929 1591 3998 Ῑ

320 4062 401 4135 nihil
436 4063 483 4136 de
513 4061 608 4137 bello
634 4061 724 4136 civili
752 4064 999 4160 redintegrato
1024 4063 1187 4163 legitur.”
1225 4069 1334 4141 Haud
1356 4061 1486 4142 infitias
1590 4067 1591 4070 '

319 4188 443 4260 iverim
481 4187 638 4258 Dionem
670 4187 706 4259 id
730 4189 1037 4283 praetermittere,
1067 4206 1104 4262 at
1132 4193 1217 4289 quid
1245 4194 1392 4267 tandem
1420 4195 1486 4267 hoc
1590 4173 1591 4252 Ῐ

319 4311 367 4383 ad
394 4310 492 4383 rem?
517 4309 578 4382 An
603 4311 757 4382 auctoris
776 4312 963 4384 'sexcentis
991 4311 1078 4386 locis
1106 4317 1286 4412 pessimae
1300 4319 1486 4391 socordiae
1590 4335 1591 4402 l

318 4435 468 4509 convicti
509 4432 687 4508 silentium
723 4433 860 4522 sufficit,
902 4452 941 4508 ut
976 4435 1094 4510 alieno
1118 4439 1254 4514 diserto
1285 4443 1487 4514 testimonio
1590 4481 1591 4536 3

320 4560 435 4633 omnis
470 4560 664 4632 auctoritas
705 4558 750 4630 sit
782 4560 1048 4634 abiudicanda?
1086 4563 1161 4635 Fac
1192 4581 1323 4653 autem,
1363 4589 1487 4638 revera
