3292 5259
751 316 786 390 65

178 481 273 554 bello
298 476 388 554 civili
404 509 450 556 eo
465 483 545 580 ipso
560 482 736 580 tempore,
762 487 793 578 Ι)
810 510 884 581 quo
900 485 1057 566 Romam
1073 485 1212 558 nuntius
1228 484 1355 560 allatus

177 624 233 678 est
259 607 309 679 ita
334 607 529 680 seditiones
554 633 576 680 a
601 608 755 681 Phraate
782 631 865 680 esse
893 634 1131 705 compressas,
1162 626 1202 682 ut
1230 609 1355 683 adver·

178 731 293 802 sarius
320 731 395 804 eius
420 731 467 832 ad
483 731 689 828 Augustum
704 733 830 830 sugere
845 748 991 805 coactus
1005 749 1103 806 esset
1118 735 1129 805 ?
1155 733 1194 806 ld
1209 735 1356 832 quidem

179 855 309 929 nullam
337 843 447 928 habet
472 854 749 951 explicationem
777 873 813 929 et
833 856 1006 930 acerrime
1020 873 1131 947 vetat,
1150 884 1196 932 ne
1210 884 1356 932 carmen

180 998 339 1070 nostrum
363 981 398 1051 in
425 981 506 1052 anni
538 1005 585 1072 29
614 981 750 1053 initium
778 981 961 1055 referatur.
997 982 1072 1054 »At
1098 1008 1186 1056 vero
1212 983 1372 1057 Maece.

179 1108 269 1181 natis
295 1105 530 1203 praefectura,
562 1105 609 1178 ad
637 1131 747 1202 quam
779 1121 891 1202 poeta
915 1121 990 1178 tam
1005 1107 1193 1202 perspicue
1208 1104 1355 1212 alludit?

177 1232 233 1303 Ne
277 1231 345 1302 hoc
386 1229 533 1328 quidem
574 1230 703 1302 aetatis
736 1228 866 1302 indicio
895 1230 1051 1304 moveris
1066 1229 1099 1302 ?'’
1156 1229 1356 1327 Opponere

175 1356 313 1452 possim
341 1355 420 1451 ipsa
446 1355 559 1426 verba
587 1370 730 1450 poetae,
757 1354 816 1452 qui
833 1354 867 1426 in
882 1355 1015 1427 eodem
1030 1355 1187 1428 carmine
1197 1355 1355 1431 amicum

176 1507 280 1553 suum
298 1481 491 1576 praeatum
508 1477 687 1575 appellat,
717 1505 768 1551 vs,
804 1485 872 1551 26:

231 1596 235 1604 ’
425 1604 635 1700 Neglzgrenu
663 1628 777 1699 nequa
793 1605 952 1700 popalus
977 1605 1109 1691 laboret

421 1730 536 1800 Parce
560 1727 763 1824 privatus
790 1729 947 1799 nz'rm'um
974 1751 1103 1798 cavere.
1135 1810 1141 1819 ,

229 1847 305 1920 Sed
330 1875 402 1922 non
426 1851 497 1924 hoc
524 1851 670 1941 saciam3
705 1868 796 1939 esto,
827 1851 951 1947 utqui
979 1850 1076 1922 urbis
1104 1847 1168 1920 fuit
1195 1844 1354 1942 praefec-

176 1985 242 2061 tus,
271 1973 366 2047 idem
394 1991 433 2047 et
450 1978 624 2072 paruulus
649 1975 718 2048 dici
740 1975 915 2072 potuerit3
943 1989 1034 2063 esto,
1062 1973 1213 2057 uthaec
1244 1993 1353 2066 quan-

113 2120 115 2124 ·
175 2100 306 2172 tumvis
343 2101 530 2188 contraria,
570 2101 604 2171 in
632 2099 864 2172 concordiam
892 2098 1008 2196 redigi
1035 2096 1175 2193 possint
1200 2139 1249 2148 -
1276 2093 1353 2166 sive

176 2250 257 2295 cum
275 2222 438 2298 Bentleio
457 2225 608 2298 verbum
632 2209 840 2322 »przaatuff
856 2224 990 2296 reseras
1008 2222 1056 2296 ad
1075 2221 1216 2318 privata
1234 2234 1271 2291 et
1290 2219 1353 2290 do-

177 2349 326 2422 mestica
364 2350 586 2437 Maecenatis
625 2350 798 2447 negotia,
843 2349 919 2422 sive
953 2373 1034 2419 cum
1073 2344 1149 2418 aliis
1191 2344 1352 2440 cogitare
1395 2344 1397 2350 ’

175 2470 278 2546 malis
314 2473 362 2545 de
387 2475 671 2547 extraordinario
700 2474 860 2571 quodam
888 2497 1047 2560 munere,
1083 2451 1147 2558 ita,⁸
1173 2485 1211 2539 ut
1239 2465 1352 2562 magi·

175 2612 289 2668 stratu
324 2594 420 2669 nullo
445 2612 553 2693 gesto
581 2599 777 2670 Maecenas
793 2599 967 2693 pratiatur
993 2621 1015 2668 a
1041 2609 1153 2691 poeta
1178 2588 1352 2664 nominari

172 2721 291 2818 possit
317 2767 369 2775 —
395 2720 484 2794 alius
508 2737 546 2794 et
573 2722 720 2818 gravior
747 2736 911 2794 remanet
937 2716 1130 2814 scrupulus.
1162 2715 1212 2788 Ut
1238 2713 1350 2787 libere

176 2847 294 2919 dicam
322 2847 421 2942 quod
447 2846 588 2919 sentio:
615 2845 710 2919 nulla
734 2847 801 2919 sub
828 2869 935 2918 versu
962 2865 1006 2935 17
1027 2841 1140 2916 latere
1155 2841 1239 2914 mihi
1253 2838 1350 2911 vide-

177 2987 233 3043 tur
263 2971 511 3068 praefecturae
543 2970 778 3067 significatio3
819 2985 904 3042 nata
942 2983 998 3039 est
1033 2992 1092 3046 err.
1106 2989 1221 3060 pravo
1249 2963 1352 3034 inter·

178 3111 317 3191 pretum
349 3095 479 3184 studio,
519 3094 579 3190 qui
603 3111 771 3189 tempora
798 3109 992 3186 utcumque
1020 3075 1179 3163 statuere
1205 3087 1351 3159 student

177 3237 215 3292 et
241 3246 385 3293 sensum
411 3221 605 3292 verborum
632 3215 810 3289 interdum
838 3215 1057 3311 detorquere
1076 3237 1148 3285 non
1167 3227 1349 3298 verentur,

175 3343 373 3435 dummodo
401 3341 575 3439 temporis
601 3340 731 3413 indicia
756 3338 1082 3436 deprehendantur.
1114 3336 1214 3430 Quid
1233 3334 1351 3407 enim?

174 3471 235 3542 An
272 3470 365 3542 forte
401 3470 612 3556 Maecenas
647 3465 806 3561 Augusti
847 3464 989 3536 intimus
1024 3462 1159 3535 amicus
1201 3459 1352 3555 eiusque
1454 3450 1456 3455 ’

174 3591 402 3666 consiliorum
429 3591 621 3688 particeps
652 3589 717 3681 cui,
748 3606 786 3662 ut
812 3589 942 3662 Dionis
974 3583 1349 3683 (44,1)verbisutar,

173 3735 282 3792 πάντα
301 3735 343 3790 τὰ
362 3729 537 3808 &nonanta
555 3728 745 3819 dvaexotvoq
764 3740 837 3787 non
855 3713 920 3786 nisi
939 3711 1016 3784 urbi
1036 3707 1263 3807 praepositus
1282 3705 1351 3778 dici

172 3857 295 3938 potest
328 3866 386 3915 res
422 3840 583 3937 publicas
617 3841 652 3912 in
680 3841 799 3914 animo
832 3838 990 3911 habere?
1028 3836 1176 3908 Minime
1204 3835 1350 3939 opinor3

172 3992 318 4063 semper
330 3965 547 4067 reipublicae
562 3963 867 4038 administrandae
883 3963 1062 4050 intererat,
1094 3985 1239 4056 semper
1253 3984 1347 4045 eum,

173 4106 250 4162 tam
273 4091 454 4188 privatum
483 4116 592 4187 quam
621 4090 720 4162 urbis
738 4087 962 4186 praesectum
981 4088 1122 4159 ›czaz‘les
1140 4094 1250 4181 super
1266 4084 1353 4156 urbe

172 4212 298 4288 curae'’
325 4241 492 4312 premere
517 4229 696 4311 poterant.
724 4214 876 4286 Missam
904 4211 1011 4308 igitur
1036 4209 1206 4284 faciamus
1221 4207 1351 4280 aetatis

213 4462 239 4522 1)
258 4458 365 4509 Ineunte
383 4474 451 4506 anno
471 4470 504 4519 29
526 4456 635 4521 Augusti
653 4456 686 4505 de
704 4455 778 4504 rebus
797 4453 918 4503 Parthicis
937 4453 1033 4501 litterae
1049 4450 1082 4498 ad
1101 4454 1214 4498 senatum
1232 4463 1350 4513 pervene-

170 4556 230 4595 runt
256 4547 323 4609 (vide
341 4563 398 4613 pag.
421 4546 472 4610 15),
490 4553 515 4596 et
533 4545 602 4594 brevi
621 4551 678 4593 ante
698 4544 830 4592 Kalendas
851 4543 953 4590 Martias
972 4556 1072 4590 carmen
1087 4545 1200 4587 nostrum
1219 4537 1350 4597 conditum

171 4644 217 4684 est.
241 4635 280 4686 Cf.
299 4653 335 4685 vs.
358 4649 388 4685 1:
408 4635 516 4683 Martiis
536 4633 625 4681 caelebs
644 4632 709 4696 quid
722 4648 797 4696 agam
815 4631 946 4689 Kalendis,
966 4646 1019 4694 sqq.

1211 4728 1226 4786 5
