3292 5259
861 298 898 366 64

298 488 482 560 sensiones
508 483 627 558 civiles
657 488 721 581 (vs.
756 487 816 578 19)
840 498 877 555 et
896 478 1028 554 bellum
1048 478 1301 552 Cantabricum
1321 479 1387 572 (vs.
1413 477 1479 570 21)

299 611 487 684 manifesto
531 610 687 683 indicare
727 633 858 681 annum
907 631 953 696 29
993 629 1205 700 persuasum
1232 601 1298 675 sibi
1323 600 1477 672 habent.

299 736 439 809 Vereor
483 749 616 821 autem,
651 757 697 804 ne
729 731 820 804 ratio
847 756 912 803 eos
937 727 1108 802 fefellerit.
1166 723 1481 823 Quandoquidem

299 861 403 948 enim,
440 874 479 930 ut
524 857 598 930 Dio
634 856 752 944 tradit,
788 858 820 952 t)
853 879 947 927 anno
978 878 1036 943 29,
1064 878 1174 950 quum
1201 852 1305 923 lanus
1336 847 1484 922 clausus

299 1000 365 1071 est,
394 982 565 1055 Cantabri
590 981 749 1054 nondum
774 995 877 1052 erant
901 978 1031 1075 pacati,
1061 977 1187 1048 mirum
1213 974 1298 1046 mihi
1321 973 1483 1060 videtur,

300 1106 398 1206 quod
418 1107 515 1179 initio
535 1105 697 1189 eiusdem
715 1104 798 1177 anni
821 1104 994 1176 Horatius
1010 1102 1213 1175 Cantabros
1227 1102 1363 1173 serac'rc
1377 1099 1479 1171 dicit.

300 1234 436 1306 Verum
475 1248 514 1304 ut
549 1231 629 1319 hoc,
666 1229 765 1328 quod
801 1228 947 1301 minoris
973 1241 1030 1299 est
1067 1224 1250 1313 momenti,
1289 1224 1483 1311 omittam3

300 1384 373 1455 quo
401 1357 547 1430 tandem
573 1356 685 1429 modo
710 1355 883 1428 Horatius
912 1351 1008 1450 loqui
1034 1366 1178 1448 poterat
1196 1351 1243 1422 de
1257 1349 1480 1422 Parthorum

303 1680 361 1742 lpse
390 1677 484 1740 cogitat
511 1675 543 1724 de
571 1675 656 1723 Medis
684 1675 856 1739 Atropatenis,
876 1675 915 1723 eui
935 1675 1048 1723 assentiri
1066 1691 1119 1722 non
1137 1691 1250 1740 possum.
1289 1675 1320 1723 ld
1338 1675 1409 1723 enirn
1430 1675 1484 1739 agit

302 1775 393 1831 poeta,¹
413 1774 439 1814 ut
458 1764 610 1813 Maecenatis
638 1764 758 1812 exhilaret
777 1764 889 1812 animum
908 1771 932 1813 et
950 1779 1038 1827 graves
1057 1764 1239 1813 sollicitudines
1259 1781 1289 1812 ex
1308 1780 1340 1812 eo
1359 1765 1485 1828 expellat.

303 1856 371 1917 Quid
398 1863 481 1904 autem
501 1870 574 1902 curae
594 1869 718 1918 occupare
735 1870 793 1902 eum
810 1860 909 1917 poterat
927 1869 942 1901 a
960 1861 1029 1918 parte
1049 1853 1151 1902 Mediae
1169 1855 1349 1917 Atropatenae,
1368 1853 1486 1918 regionis

304 1946 424 1993 obscurae
444 1951 468 1991 et
491 1943 532 1991 vix
551 1949 626 1991 notae
645 1943 789 1990 Romanis?
809 1943 938 1990 Praeterea
957 1943 989 1991 de
1017 1942 1153 1990 Medorum
1171 1942 1241 1991 bello
1260 1943 1328 1990 civili
1339 1943 1405 1990 nihil
1415 1959 1486 1991 com-

303 2042 400 2097 pertum
427 2032 565 2090 habemus;
593 2031 662 2094 quod
683 2030 773 2078 Strabo
793 2040 844 2093 523
865 2025 927 2092 (nal
947 2023 1029 2080 αὐτοὶ
1046 2025 1271 2096 προςεληλύθασι
1290 2028 1323 2098 τῇ
1343 2031 1428 2096 φιλίᾳ
1447 2029 1480 2099 τῇ

277 2139 281 2147 ·
302 2115 373 2182 πρὸς
392 2118 530 2183 Καίσαρα
550 2112 747 2181 θεραπεύουσι
764 2111 790 2168 6²
809 2110 868 2184 ἅμα
886 2113 1017 2176 καὶτοὺς
1036 2119 1241 2182 Παρθυαίους)
1267 2120 1329 2168 duas
1349 2121 1385 2169 ibi
1405 2121 1486 2170 fuisse

304 2209 426 2256 sactiones
445 2207 514 2266 dicit,
534 2223 639 2270 quarum
656 2206 734 2255 altera
751 2207 848 2255 Parthis
858 2208 935 2256 altera
946 2209 1068 2258 Romanis
1078 2208 1178 2268 saveret,
1189 2209 1249 2258 inde
1259 2209 1363 2259 minime
1374 2209 1485 2260 efficitur

305 2313 372 2344 auno
393 2310 425 2358 29
446 2296 538 2344 Medos
557 2295 658 2361 infestos
678 2295 725 2342 sibi
741 2295 860 2343 luctuosis
878 2297 959 2344 armis
978 2297 1108 2345 dissedisse.
1121 2299 1214 2346 Contra
1224 2299 1256 2347 de
1267 2300 1420 2348 Parthorum
1431 2299 1481 2348 dis-

304 2385 463 2434 sensionibus
482 2385 583 2433 abunde
601 2392 705 2443 constat,
716 2386 906 2450 necquicquam
917 2385 997 2449 aptius
1008 2386 1040 2434 ad
1051 2403 1120 2435 curas
1130 2388 1204 2436 amici
1214 2388 1344 2452 pellendas
1356 2389 1382 2435 Ι·Ι
1387 2390 1484 2436 oratius

304 2490 502 2523 commemorare
526 2475 616 2538 potuit,
644 2490 719 2539 quam
735 2474 893 2523 'acerrimum
912 2475 1001 2538 populi
1021 2475 1133 2524 Romani
1151 2477 1250 2525 hostem
1269 2477 1339 2524 bello
1360 2478 1483 2526 intestino

305 2565 415 2627 flagrare.
452 2564 493 2612 Sic
513 2564 654 2627 ubicunque
681 2581 696 2611 a
723 2571 799 2628 poeta
827 2563 963 2610 Medorum
983 2564 1008 2611 frt
1026 2565 1131 2623 mentio,
1151 2565 1233 2613 Parthi
1251 2564 1356 2630 intelligi
1379 2566 1485 2615 debent.

197 2690 207 2706 .
307 2654 372 2700 Hor.
393 2653 421 2700 C.
443 2655 478 2705 ΙΙ,
501 2653 547 2700 16:

594 2742 679 2789 Otium
698 2742 758 2789 bello
768 2741 876 2807 furiosa
900 2742 1004 2800 Thrace,

593 2831 1211 2896 OtiumMedipharetradecorisqq.
1311 2875 1315 2884 .

343 2921 392 2978 ΙΙΙ,
412 2931 445 2982 5:

629 3006 762 3054 Consenuit
779 3023 921 3054 socerorum
941 3008 968 3055 in
986 3009 1066 3056 armis

626 3095 696 3143 Sub
715 3111 799 3158 rege
819 3095 923 3144 Medo
943 3096 1049 3145 Marsus
1067 3107 1090 3145 et
1108 3095 1213 3164 Apulus.

339 3185 373 3231 ΙΙ.
397 3199 420 3245 9.

586 3272 614 3318 M
626 3287 639 3319 e
649 3272 666 3318 d
677 3288 692 3319 u
702 3288 803 3336 mque
814 3274 916 3337 flamen
930 3275 1044 3338 gentibus
1062 3277 1176 3326 additum

593 3360 668 3408 Victis
687 3361 794 3409 minores
810 3364 909 3411 valuere
927 3364 1036 3412 vertices.

304 3451 375 3511 Quos
393 3450 435 3497 hic
454 3449 547 3497 Medos
564 3449 686 3509 nominat,
704 3450 782 3498 iidem
800 3451 862 3499 alibi
881 3452 974 3500 Bactri
991 3455 1031 3502 vel
1051 3455 1144 3502 Persae
1163 3455 1295 3506 dicuntur:
1316 3459 1365 3516 ΙΙΙ,
1388 3473 1441 3521 29:

909 3541 1034 3590 Sollicitus
1053 3543 1123 3592 times

627 3628 698 3687 Quid
715 3628 786 3676 Seres
806 3637 999 3694 etregnata
1018 3632 1111 3696 Cyro

624 3717 644 3763 B
654 3733 669 3764 a
678 3732 692 3764 c
702 3725 757 3765 tra
767 3724 867 3780 parent
887 3719 1029 3782 Tanaisque
1048 3721 1147 3771 discors.

341 3803 385 3850 IV.
408 3814 447 3865 15.

605 3893 664 3941 Nan
683 3893 729 3958 qui
738 3895 903 3959 profundum
921 3897 1071 3946 Danubium
1091 3899 1177 3947 bc'bnnt

605 3981 696 4028 Edicta
714 3989 834 4046 rumpent
851 3983 929 4043 Iulia,
948 4001 998 4032 non
1020 3987 1103 4046 Getae,

607 4070 667 4118 Non
688 4071 760 4119 Seres
778 4071 882 4138 insidiae
901 4075 1051 4134 Persae,

607 4158 667 4205 Non
699 4159 799 4206 Tanain
808 4167 891 4224 prope
904 4163 1006 4226 stramen
1025 4165 1082 4212 arti.

341 4245 378 4292 Cf.
398 4253 525 4310 praeterea
544 4247 565 4306 Ι,
586 4260 609 4305 2,
629 4261 678 4307 223
699 4261 740 4308 21,
763 4260 802 4312 15.

344 4338 365 4395 ι)
385 4335 437 4383 Dio
462 4335 507 4393 LI,
536 4347 584 4384 20:
608 4323 684 4402 -ἦσοιυ
709 4331 760 4401 μὲν
786 4331 840 4403 γὰρ
868 4329 898 4388 ἐν
924 4331 1022 4400 ὅπλοις
1049 4336 1090 4392 ἔτι
1116 4340 1165 4395 καλ
1185 4342 1337 4412 Τρηούιροι
1355 4348 1481 4412 Κελτοὺς

305 4413 513 4488 ἐπαγαγόμενοι
538 4419 587 4474 καὶ
613 4418 775 4494 Κάυιοιβροι
799 4424 848 4478 nal
869 4423 1032 4481 Οὐακκαῖοι
1050 4429 1096 4484 nul
1110 4427 1244 4500 Ἅσιυρες·
1263 4435 1311 4489 καὶ
1330 4431 1409 4491 οὖτοι
1427 4427 1479 4508 aba

304 4497 359 4555 ὑπὸ
378 4504 428 4556 τοῦ
450 4502 565 4572 Ταύρου
582 4507 633 4560 nori
656 4509 816 4574 Στατιλίου,
836 4504 940 4565 ἐκεῖνοι
959 4509 991 4566 δὲ
1009 4508 1065 4567 ὑπὸ
1078 4517 1193 4572 Νωνίου
1205 4519 1313 4574 Γάλλου
1324 4522 1475 4592 κατεστρά-
