3292 5259
850 318 885 358 22

282 480 316 550 in
343 476 434 549 libro
461 472 559 545 XLII
587 470 913 568 deprehenduntur,
941 468 1080 541 sedeo
1106 466 1335 555 manifestius
1356 466 1465 563 quod

282 601 339 673 hic
371 596 427 671 aiii
458 597 650 692 scriptores
676 594 779 667 nobis
808 608 954 689 praesto
982 606 1074 679 sunt,
1106 591 1316 688 quibuscum
1340 590 1466 685 possit

283 721 494 819 comparari.
525 719 683 791 Omnino
710 718 767 791 hic
791 714 882 791 liber
908 715 1150 813 praecedente
1177 712 1287 810 longe
1310 714 1464 787 minoris

283 845 465 921 faciendus
494 858 560 931 est,
589 867 672 915 nam
699 842 729 914 si
754 841 829 914 duo
856 840 977 937 priora
1002 839 1122 935 capita
1142 839 1312 934 excipias
1333 839 1368 910 in
1381 839 1463 935 qui-

283 975 351 1045 bus
380 969 456 1065 agit
480 969 528 1041 de
553 966 706 1039 Phra‘ate
731 965 770 1054 II,
798 965 988 1038 Artabano
1017 964 1056 1050 Il,
1077 963 1285 1036 Mithridate
1303 964 1461 1060 Magno,

284 1093 419 1193 reliqua
432 1092 560 1167 omnia·
570 1116 698 1187 parum
712 1105 872 1164 nostram
890 1114 1010 1161 rerum
1028 1087 1272 1162 Parthicarum
1285 1086 1465 1184 cognitio

284 1244 368 1293 nem
394 1231 538 1313 augent.
585 1214 755 1313 Sequitur
782 1214 877 1286 enim
904 1228 1117 1304 παρέκβασις,
1144 1237 1255 1309 quam
1282 1210 1463 1307 mytholo

284 1342 404 1438 gicam
430 1340 550 1436 potius
578 1352 688 1435 quam
715 1337 920 1411 historicam
945 1337 1077 1411 dixeris
1103 1337 1150 1410 de
1179 1337 1313 1411 Iasonis
1337 1337 1464 1433 Argo-

285 1480 472 1537 nautarum
505 1456 603 1533 ducis
637 1458 738 1533 bellis
771 1461 805 1533 in
836 1460 928 1534 Asia
954 1461 1078 1557 gestis,
1106 1476 1144 1533 et
1169 1461 1216 1533 de
1242 1461 1365 1533 Media
1389 1460 1465 1532 Ar-

286 1588 476 1684 meniaque
504 1610 527 1659 a
541 1584 728 1658 comitibus
743 1584 819 1657 eius
834 1585 995 1658 conditis.
1025 1585 1132 1678 Quae
1146 1584 1301 1682 denique
1316 1584 1462 1657 duobus

286 1709 415 1785 ultimis
443 1709 617 1806 capitibus
645 1708 754 1808 tradit
778 1708 826 1781 de
853 1734 969 1805 regno
995 1708 1129 1781 Orodis
1155 1724 1192 1782 et
1219 1708 1379 1781 Phraatis
1393 1709 1458 1797 lv,

287 1862 331 1909 ea
357 1834 453 1931 apud
479 1832 568 1907 alios
586 1833 762 1929 gravioris
790 1833 1011 1907 auctoritatis
1036 1833 1227 1930 scriptores
1254 1833 1390 1906 maiore
1407 1856 1461 1905 ex

285 1976 389 2058 parte
414 1959 557 2032 uberius
583 1972 621 2031 et
646 1958 844 2030 accuratius
871 1957 1038 2053 exposita
1062 1972 1216 2030 exstant.
1248 1957 1356 2046 Cuius
1384 1957 1461 2052 opi-

287 2084 400 2157 nionis
433 2097 472 2154 ut
500 2082 651 2155 reddam
677 2082 844 2170 rationes
875 2081 1078 2155 adscribam
1106 2080 1244 2180 aliquos
1268 2080 1368 2155 iocos
1396 2097 1463 2154 aut

208 2256 214 2269 ·
286 2206 514 2304 negligenter
538 2221 600 2279 aut
622 2220 746 2278 contra
759 2205 950 2279 veritatem
964 2221 1139 2294 narratos‚
1157 2232 1178 2279 e
1193 2206 1321 2303 quibus
1334 2202 1459 2301 palam

286 2330 358 2418 fiet,
388 2331 510 2428 quanti
538 2330 613 2402 eius
638 2330 831 2403 auctoritas
859 2345 897 2402 et
923 2328 1013 2402 fides
1041 2331 1267 2403 aestimanda
1293 2330 1348 2402 sit.

340 2455 414 2527 lam
440 2452 560 2526 statim
585 2452 684 2525 initio
710 2452 836 2549 capitis
854 2454 969 2551 quarti
989 2453 1135 2549 insignis
1154 2453 1283 2543 erroris
1297 2454 1460 2526 manifes-

204 2634 223 2645 t.
288 2595 344 2651 tus
370 2593 518 2651 tenetur.
549 2577 729 2673 incapite
757 2577 916 2650 secundo
944 2578 993 2650 ita
1021 2575 1222 2674 praeclaras
1249 2603 1306 2651 res
1333 2593 1458 2673 gestas

288 2701 502 2773 Mithridatis
521 2701 646 2798 Magni
665 2717 904 2797 exposuerat:

346 2826 559 2899 »Artabano
589 2827 827 2898 amanuncus
844 2827 957 2923 filius
988 2828 1145 2913 succedet,
1184 2828 1246 2899 cui
1260 2854 1318 2900 res
1338 2837 1455 2925 gestae

287 2952 417 3047 magni
431 2975 617 3046 cognomen
631 2950 752 3022 dedere
758 2929 769 3034 ‚ss
786 2950 914 3045 puntpe
930 2952 1126 3023 claritatem
1130 2960 1330 3046 pareutum
1344 2976 1455 3024 aemu-

287 3077 416 3148 latione
452 3060 600 3148 oirtutas
627 3097 790 3147 accensus
816 3074 937 3156 animi
959 3075 1210 3171 magnitudine
1235 3074 1458 3171 supergredi·

286 3209 357 3271 tur.
387 3200 514 3270 Multa
539 3198 658 3294 igitur
682 3199 770 3271 bella
790 3198 1053 3295 eumfiua'tzmis
1067 3222 1202 3295 magna
1214 3200 1462 3296 virtutcgcssit

288 3324 480 3417 multosque
509 3323 659 3416 populos
691 3321 862 3394 Parthico
887 3347 997 3418 reguo
1023 3321 1174 3395 macta.
1229 3322 1305 3395 Sea'
1322 3333 1356 3395 et
1379 3348 1460 3395 cum

289 3445 430 3537 Scottus
448 3453 622 3541 prospere
640 3444 822 3539 aliquoties
849 3445 1034 3517 dimicavit
1044 3447 1203 3541 ultorque
1220 3446 1381 3519 inc'urcae
1388 3455 1458 3541 pa·

289 3568 529 3665 rentumfuit.
560 3566 630 3638 Ad
657 3580 929 3662 postremum
955 3566 1208 3640 Artavasdi
1234 3569 1461 3642 Armenio·

223 3668 226 3674 Ι
290 3718 380 3763 rum
398 3692 496 3788 regi
515 3688 684 3764 bellum
702 3686 882 3761 intulit.”
901 3689 1463 3789 Deindepostquamaathpamr

290 3815 435 3887 inseruit
456 3815 504 3887 de
529 3813 725 3887 Armeniae
748 3813 897 3909 origine,
919 3812 1015 3887 hisce
1034 3815 1152 3888 verbis
1171 3816 1219 3888 ad
1237 3796 1464 3914 propositum

290 3937 502 4010 revertitur:

350 4062 494 4158 »Igitur
518 4061 757 4134 Mithradates
782 4086 851 4133 rex
877 4062 1102 4136 Parthorum
1121 4072 1207 4158 post
1231 4065 1358 4136 bellum
1383 4065 1460 4136 Ar-

291 4187 428 4259 meniae
450 4196 599 4281 propter
623 4186 863 4258 crudelitatem
889 4210 914 4258 a
938 4197 1065 4259 senatu
1078 4188 1251 4271 Partlcico
1264 4214 1373 4285 regno
1381 4190 1458 4283 pel·

291 4311 390 4382 titur.
420 4310 557 4381 Frater
581 4310 658 4381 eins
681 4309 833 4394 Oroch,
849 4334 929 4381 cum
942 4335 1095 4406 regnum
1108 4334 1240 4383 vacans
1253 4321 1459 4407 occupasset,

292 4433 546 4525 Babyloniam,
577 4458 645 4528 quo
671 4432 909 4504 lltctlcmiaates
933 4433 1153 4530 confugerat,
1188 4436 1253 4507 diu
1277 4436 1409 4507 obsidet
1431 4446 1465 4508 et

280 4554 388 4650 fame
401 4564 531 4628 coactos
543 4556 584 4628 in
597 4556 806 4629 deditionem
820 4556 1015 4649 oppidanos
1028 4558 1208 4652 compellit.
1227 4558 1463 4632 [Mithridates
