3292 5259
778 319 813 379 75

204 475 346 548 interim
374 474 579 571 provinciae
607 472 938 546 administrarentur
970 476 1024 568 1):
1052 473 1175 546 statuit
1203 475 1294 547 ordo
1309 453 1382 548 ain·

204 598 384 695 plissimus
421 623 467 671 ex
503 597 595 695 legis
627 594 775 670 consilio
801 621 844 670 ac
872 594 1066 684 voluntate,
1098 612 1136 669 ut
1161 598 1381 693 provinciam

204 724 391 810 haberent,
425 722 486 819 qui
520 739 627 796 antea
652 719 877 794 consulatum
905 736 1157 818 praeturamve
1183 723 1381 820 gessissent

203 848 359 921 necdum
391 847 592 943 provincias
625 846 947 934 administrassent,
978 861 1017 918 ut
1044 846 1130 919 satis
1156 863 1309 943 apparet
1335 873 1381 921 ex

205 971 392 1046 Ciceronis
417 969 570 1067 epistola
596 971 643 1044 ad
671 971 721 1042 M.
753 952 934 1058 Caelium,
964 971 1012 1043 ad
1041 970 1142 1044 Fam.
1172 971 1211 1060 ll,
1250 995 1305 1065 15,
1338 995 1381 1063 4:

211 1098 387 1194 »fortasse
426 1096 532 1168 ctione
574 1096 670 1167 i'llnd
705 1095 890 1182 adderent,
935 1105 1098 1168 senotnni
1137 1122 1193 1168 eos
1233 1099 1384 1171 oolni'sse

197 1222 410 1318 provinciae
427 1231 604 1316 proeesse,
636 1221 701 1316 qni
721 1230 827 1293 anteo
852 1246 923 1292 non
939 1219 1193 1316 praefuissent
1200 1256 1211 1304 ,·
1228 1222 1384 1298 srotrein

205 1373 324 1419 neenin
347 1347 545 1418 trienninm
572 1345 688 1416 Asioi
713 1344 956 1441 praefni'ssc.”
999 1343 1140 1437 Quibus
1165 1370 1254 1418 vero
1279 1346 1384 1420 ratio-

207 1472 312 1544 nibus
341 1471 373 1542 in
402 1469 663 1566 provinciarum
692 1468 739 1541 ad
767 1491 899 1540 annum
931 1489 973 1559 51
1005 1467 1191 1540 sortitione
1217 1468 1384 1542 habenda

206 1622 293 1668 usus
334 1595 389 1682 sit,
431 1593 594 1690 quamvis
623 1617 693 1665 non
720 1592 855 1664 diserte
880 1591 984 1665 nobis
1010 1592 1055 1664 sit
1080 1593 1259 1682 traditum,
1288 1594 1383 1667 haud

208 1721 386 1792 absonum
422 1734 544 1790 tamen
584 1717 735 1805 videtur,
778 1716 927 1790 easdem
960 1716 1034 1789 sere
1059 1717 1178 1805 fuisse,
1209 1743 1299 1814 quas
1326 1743 1385 1791 ex-

207 1868 353 1940 pressas
380 1842 483 1938 legas
510 1841 544 1912 in
572 1839 892 1928 senatusconsulto
922 1841 1020 1936 quod
1050 1841 1181 1914 sactum
1210 1858 1275 1930 est,
1303 1868 1382 1914 cum

207 1983 380 2066 ageretur
406 1966 453 2038 de
480 1966 670 2062 provinciis
699 1966 748 2037 ad
773 1989 906 2037 annum
935 1987 984 2058 50
999 1966 1198 2054 sortiendis.
1217 1969 1264 2039 ad
1280 1967 1380 2039 Fam.
1479 1951 1480 1954 ¹

208 2093 299 2181 VIII,
329 2096 372 2164 8:
416 2092 583 2187 »i'teinpne
607 2091 754 2162 senotni
774 2092 914 2184 placere
941 2093 980 2163 in
1013 2092 1179 2164 Ciliciam
1200 2094 1384 2187 prouinci-

209 2244 281 2302 nin,
312 2217 352 2288 in
380 2214 458 2286 VIII
484 2215 643 2310 rele'qnos
658 2214 882 2308 provincias,
914 2241 1004 2310 qnos
1010 2205 1195 2310 praetorii
1198 2229 1271 2313 pro
1277 2230 1385 2314 proe-

207 2352 283 2414 tore
315 2341 517 2424 obtinerent,
547 2365 612 2424 eos,
640 2339 705 2434 qni
717 2349 904 2433 praetores
917 2341 1081 2434 fnernnt
1103 2361 1209 2438 nepne
1235 2345 1274 2414 in
1298 2352 1384 2438 pro·

208 2464 366 2536 cincinni
402 2488 481 2534 enni
507 2463 655 2557 imperio
668 2461 839 2558 fnernnt,
870 2488 953 2558 qnos
979 2489 1100 2536 cornrn
1128 2491 1173 2537 eie
1191 2493 1219 2538 s.
1250 2493 1276 2539 c.
1306 2494 1385 2540 enin

209 2583 360 2682 iniperi'o
397 2587 436 2658 in
464 2587 677 2680 provincias
702 2596 776 2680 pro
801 2594 971 2680 praetore
997 2589 1096 2659 ini'tti‘
1119 2598 1298 2683 oporteret,
1330 2617 1386 2664 eos

175 2809 179 2814 ἡ
208 2685 334 2784 sonno
358 2711 399 2782 in
408 2711 619 2805 prouinciis
646 2710 746 2781 initti
758 2711 919 2804 placere·
943 2711 991 2788 si.
1004 2736 1049 2782 ex
1073 2738 1110 2784 eo
1123 2739 1280 2800 nnincro,
1303 2741 1388 2812 qnos

208 2861 257 2908 ex
283 2861 311 2906 s.
327 2861 354 2907 e.
371 2835 411 2905 in
425 2818 632 2929 provincias
641 2835 695 2906 ire
708 2843 886 2929 oporteret,
909 2835 961 2906 iii
976 2860 1165 2907 nnniernin
1178 2862 1249 2908 non
1262 2849 1385 2922 essent,
1400 2903 1401 2906 ,

209 2960 276 3056 qni
299 2960 339 3030 in
360 2959 637 3053 eesprovi'ncios
650 2951 976 3055 proiciscerentier,
995 2968 1072 3031 tiene
1092 2961 1156 3030 uti
1175 2961 1385 3060 quodque

211 3082 459 3180 collegium
492 3082 683 3177 primum
724 3097 983 3178 praetorum
1022 3082 1174 3156 fuisset
1213 3112 1319 3182 neqne
1347 3090 1386 3160 e'n

200 3208 414 3302 proveniens
425 3205 586 3302 profecti
607 3215 729 3292 essent,
753 3207 805 3277 ito
818 3215 911 3278 sorte
925 3206 964 3277 in
969 3209 1388 3308 provinciosprofieisce-

210 3341 354 3416 rentnr,·
385 3331 423 3401 si
443 3331 475 3401 i'i
499 3331 552 3402 od
572 3328 761 3402 nninernin
787 3355 859 3402 non
890 3340 1011 3418 essent,
1048 3348 1145 3404 tunc
1173 3334 1386 3430 deinceps
1407 3421 1408 3424 Ἴ

209 3453 415 3550 proximi
452 3453 668 3549 cuiusque
696 3452 897 3550 collegii,
933 3457 997 3551 pni'
1012 3465 1199 3550 praetores
1219 3460 1389 3553 finissent

210 3604 317 3674 neqne
338 3579 379 3650 i'n
389 3578 598 3673 prouincias
607 3577 763 3674 profecti
783 3588 904 3666 essent,
927 3581 966 3651 in
985 3591 1113 3652 sorteni
1131 3584 1382 3669 coniterentur,

209 3704 328 3799 qnooei'
347 3704 382 3773 i's
405 3726 576 3773 nnrnerns
601 3701 749 3797 effectus
784 3711 879 3787 esset,
916 3727 1015 3798 qnein
1043 3704 1096 3775 ciii
1129 3731 1318 3785 nnnicrnni
1346 3709 1386 3779 e'ii

199 3828 413 3923 prooi'nei'eis
441 3826 539 3898 niitti'
560 3834 731 3920 oporteret
737 3859 748 3908 ,·
774 3826 812 3896 si‘
840 3826 919 3921 picis
939 3825 1023 3898 linio
1036 3853 1064 3899 s.
1081 3853 1108 3900 e.
1125 3829 1383 3914 intercessisset,

209 3954 403 4025 onctoin'tiis
418 3951 710 4045 perscriberetur.
759 3948 935 4021 Hiie'ese.
953 3951 1152 4023 intercessit
1169 3953 1207 4024 C.
1228 3954 1381 4038 Coelens,

212 4077 252 4148 C.
286 4077 422 4161 Panse,
443 4075 587 4147 tribnni
609 4071 682 4168 pl.'’
711 4072 817 4146 Unde
837 4089 958 4170 patet,
977 4075 1013 4146 id
1027 4073 1182 4148 voluisse
1206 4094 1381 4162 senatum,

208 4216 248 4271 ut
291 4223 426 4287 eorum,
471 4199 530 4296 qui
560 4199 781 4295 provinciam
814 4198 974 4270 nondum
1011 4199 1199 4288 rexissent,
1236 4200 1257 4270 ii
1279 4200 1383 4295 primi

223 4415 332 4423 ἡ,
338 4417 423 4422 ..-......

248 4553 272 4614 1)
291 4553 321 4600 G.
341 4555 440 4619 Zumpt,
459 4570 552 4603 comm.
572 4553 652 4617 epigr.
671 4553 723 4601 vol.
743 4549 766 4601 ll
786 4569 843 4617 pag.
866 4565 933 4614 2043
955 4555 1082 4618 Hartung‚
1104 4555 1135 4604 de
1154 4557 1335 4620 proconsulatu
1344 4557 1383 4604 Ci-

207 4641 309 4692 ceronis
327 4642 462 4703 Ciliciensi,
481 4659 538 4707 pag.
563 4653 592 4703 17
613 4659 666 4706 sqq.
