3292 5259
772 343 809 403 95

205 493 347 565 Nonis
375 492 664 577 Octobribus
699 497 814 567 eodem
831 520 926 568 meae
939 499 1131 570 tumulltmz
1147 500 1387 572 nuntiantes?

204 617 384 705 Profecto,
415 617 484 690 hoc
509 618 547 704 si,
566 643 690 716 verum
716 635 783 704 est,
811 635 933 693 cetera
944 621 1065 694 omnia
1079 620 1386 717 impudentissime

204 768 291 814 eum
320 742 506 814 mentitum
534 768 616 816 esse
635 741 770 840 liquido
785 760 936 818 constat.
953 745 1099 818 Utinam
1110 746 1229 819 dicere
1238 773 1385 842 possem

204 866 452 939 huiuscemodi
478 867 640 940 fraudem
666 866 772 964 plane
797 868 993 942 abhorrere
1019 871 1067 942 ab
1096 870 1279 944 Ciceronis
1308 896 1385 966 per-

203 1017 307 1079 sona,
338 1017 456 1089 neque
485 992 518 1063 in
546 992 622 1064 eius
651 1017 770 1064 mores
796 1007 834 1064 et
859 991 1016 1066 indolem
1035 995 1166 1068 cadere
1185 1003 1310 1091 posse!
1334 995 1386 1067 At

204 1142 295 1189 vero
337 1142 431 1214 quae
458 1141 567 1212 supra
592 1116 789 1204 didicimus
820 1142 866 1189 ea
894 1141 960 1189 nos
989 1117 1194 1202 admonent,
1226 1133 1265 1190 ut
1293 1118 1385 1191 cauti

205 1241 335 1330 simus,
363 1241 422 1339 qui
449 1239 562 1314 semel
591 1241 625 1312 in
640 1240 830 1314 mendacio
845 1240 1091 1336 deprehensus
1107 1258 1173 1330 est,
1190 1245 1273 1316 e'um
1289 1243 1386 1316 credi

205 1365 352 1462 saepius
380 1365 476 1438 idem
498 1346 735 1469 commisisse,
764 1367 842 1463 quis
865 1366 952 1439 vitio
966 1367 1102 1438 vertet?
1131 1368 1298 1464 Augetur
1310 1393 1385 1440 sus-

205 1489 302 1586 picio
339 1514 396 1577 e0,
445 1489 544 1587 quod
592 1490 627 1562 in
666 1488 811 1563 ridicula
853 1490 921 1564 ista
962 1491 1009 1563 ad
1041 1475 1202 1564 Atticum
1231 1490 1385 1589 epistola

210 1615 271 1710 (V.
304 1638 362 1700 20,
396 1618 432 1710 3)
464 1639 536 1687 non
562 1613 679 1710 pudor
692 1640 776 1688 eum
790 1615 973 1702 deterruit,
991 1615 1074 1714 quin
1089 1641 1206 1688 rerum
1222 1616 1385 1690 ordinem

206 1755 246 1811 et
273 1755 477 1835 temporum
503 1739 661 1812 rationes
689 1739 915 1813 disturbaret.
946 1740 1083 1836 Inspice
1111 1741 1222 1813 modo
1250 1741 1315 1814 has
1334 1739 1384 1813 lit·

207 1881 328 1951 teras,
383 1880 421 1936 et
459 1863 599 1935 videbis
643 1888 751 1949 eum,
798 1878 993 1960 postquam
1027 1889 1068 1936 se
1112 1863 1160 1935 ad
1202 1864 1384 1936 Amanum

206 1988 436 2062 contendisse
475 1987 666 2084 scripserit,
697 1986 938 2058 narrationem
966 1986 1105 2082 ingredi
1133 2005 1262 2075 rerum,
1294 2014 1384 2085 quas

206 2113 301 2186 circa
336 2113 419 2184 idus
458 2111 628 2184 Octobris
670 2111 824 2206 gesserit
849 2110 883 2182 in
910 2110 1078 2200 Amano,
1109 2111 1241 2185 deinde
1265 2112 1384 2185 subito

206 2265 295 2311 eum·
326 2237 476 2310 transire
503 2237 550 2308 ad
577 2261 633 2321 ea,
664 2261 757 2333 quae
786 2235 1002 2307 antecedere
1028 2236 1213 2322 deberent,
1243 2252 1280 2308 et
1308 2234 1384 2333 glo-

207 2363 289 2436 riari
324 2362 377 2433 sui
405 2361 582 2433 adventus
610 2384 753 2432 rumore
782 2359 922 2432 Cassio»
938 2359 1095 2431 animum
1124 2360 1318 2433 accessisse
1346 2377 1383 2433 et

207 2488 346 2560 Parthis
370 2487 536 2559 timorem
564 2485 732 2557 iniectum
757 2509 849 2556 esse.
887 2486 919 2578 Ι)
952 2484 1073 2576 Quam
1092 2485 1142 2556 ob
1156 2509 1301 2557 causam
1321 2485 1382 2556 im-

206 2627 354 2708 perator
378 2626 501 2683 noster
525 2635 583 2683 res
608 2608 728 2681 tradat
755 2608 881 2680 ordine
903 2608 1056 2699 inverso,
1081 2608 1176 2681 haud
1192 2610 1382 2683 obscurum

206 2751 273 2809 est.
304 2734 468 2807 Offendit
492 2759 575 2806 eum
602 2732 717 2806 Cassii
742 2757 861 2804 rerum
886 2748 1073 2828 gestarum
1101 2735 1323 2831 magnitudo,
1345 2739 1379 2830 2)

100 2945 105 2955 ,
207 2876 245 2943 et
269 2876 308 2945 ut
326 2875 467 2956 partem
486 2857 624 2954 gloriae
646 2856 713 2930 sibi
725 2857 891 2943 vindicet,
909 2855 997 2930 illius
1011 2854 1175 2932 laudibus
1191 2860 1380 2933 obtrectat.

206 2985 300 3057 Hinc
328 2985 423 3056 fraus
451 2983 548 3055 ducit
575 2981 772 3078 originem,
801 2980 882 3053 hinc
907 2981 1019 3077 fingit,
1049 3008 1090 3054 se
1118 3007 1296 3054 summam
1328 3007 1383 3054 ce-

205 3109 446 3182 leritatemin
474 3109 597 3181 itinere
625 3106 851 3194 adhibuisse,
881 3105 962 3177 hinc
989 3105 1106 3193 iactat,
1137 3107 1233 3180 sama
1251 3106 1304 3178 sui
1323 3106 1383 3211 ad-

205 3249 334 3307 ventus
369 3233 526 3306 animum
559 3231 687 3305 Cassio
714 3229 919 3316 accessisse,
951 3230 1050 3328 quod
1084 3246 1122 3303 ut
1148 3231 1284 3304 maiore
1309 3231 1384 3303 veri

205 3359 328 3458 specie
368 3359 501 3448 induat,
536 3372 741 3452 temporum
768 3353 924 3427 rationes
951 3356 1097 3428 turbare
1124 3380 1195 3428 non
1223 3371 1382 3438 recusam

205 3483 286 3556 hinc
320 3483 442 3556 scribit
477 3482 524 3554 ad
558 3481 719 3554 Atticum
744 3479 789 3550 V.
826 3503 883 3551 21.
917 3503 956 3551 2:
996 3480 1227 3552 [decesserant
1250 3479 1389 3551 Parthi

205 3610 346 3706 quadem
386 3610 431 3681 ab
472 3607 668 3680 Antzbclzz'a
709 3615 790 3676 ante
816 3605 948 3676 Bibuli
970 3604 1171 3689 aduentum,
1199 3605 1264 3676 sed
1286 3606 1384 3676 nullo

206 3743 326 3807 nostro
354 3746 705 3823 stupentium?
732 3728 811 3799 hinc
837 3727 1041 3823 indignatur
1067 3727 1231 3800 Cassium
1255 3753 1321 3824 per
1343 3754 1382 3801 se

205 3855 338 3930 bellum
360 3855 562 3928 Parthicum
581 3852 782 3926 coniectum
796 3851 844 3923 ad
863 3866 1026 3923 senatum
1045 3851 1239 3948 scripsisse.
1272 3853 1380 3946 Quid,

199 3982 305 4078 quod
338 4006 384 4054 eo
412 3980 481 4066 die,
517 4005 590 4076 quo
615 3977 769 4075 primum
797 3975 913 4048 Cassii
940 3975 1126 4049 victoriam
1159 3993 1382 4073 compertam

206 4106 340 4195 habuit,
371 4106 466 4179 adeo
494 4129 566 4177 non
594 4102 789 4200 reprimere
816 4098 934 4196 potuit
961 4099 1049 4171 iram
1078 4115 1116 4172 et
1143 4100 1322 4189 invidiam,
1344 4116 1383 4172 ut

206 4232 379 4305 scriberet
411 4231 459 4302 ad
491 4228 652 4326 Appium
681 4224 871 4301 Claudium
903 4225 964 4322 (ad
992 4225 1095 4299 Fam.
1125 4227 1179 4299 111.
1211 4231 1245 4313 8,
1283 4229 1379 4322 10.):

246 4471 271 4535 1)
291 4472 386 4520 Contra
411 4469 437 4518 in
456 4467 566 4533 epistola
583 4466 616 4514 ad
635 4465 758 4514 Catonem
777 4463 820 4522 (ad
841 4465 912 4515 Fam,
931 4463 987 4514 XV.
1007 4468 1044 4528 4.)
1063 4479 1102 4512 res
1121 4478 1167 4511 suo
1188 4461 1277 4510 ordine
1297 4462 1381 4528 dispo·

207 4559 266 4608 sitas
284 4558 366 4608 refert.

244 4646 271 4709 2)
289 4647 329 4697 Cf.
347 4647 399 4695 Vir.
420 4645 486 4694 Clar.
509 4643 591 4693 Cobet
608 4642 716 4704 (Mnem.
736 4639 753 4687 l.
773 4638 803 4700 l.)
