<?xml version="1.0" encoding="UTF-8"?>
<!DOCTYPE html PUBLIC "-//W3C//DTD XHTML 1.0 Transitional//EN"
    "http://www.w3.org/TR/xhtml1/DTD/xhtml1-transitional.dtd">
<html xmlns="http://www.w3.org/1999/xhtml" xml:lang="en" lang="en">
 <head>
  <title>
</title>
<meta http-equiv="Content-Type" content="text/html;charset=utf-8" />
  <meta name='ocr-system' content='tesseract 3.04.00' />
  <meta name='ocr-capabilities' content='ocr_page ocr_carea ocr_par ocr_line ocrx_word'/>
</head>
<body>
  <div class='ocr_page' id='page_1' title='image "./quaestionespart00fenngoog_0043.png"; bbox 0 0 3292 5259; ppageno 0'>
   <div class='ocr_carea' id='block_1_1' title="bbox 713 330 747 386">
    <p class='ocr_par' dir='ltr' id='par_1_1' title="bbox 713 330 747 386">
     <span class='ocr_line' id='line_1_1' title="bbox 713 330 747 386; baseline 0 0"><span class='ocrx_word' id='word_1_1' title='bbox 713 330 747 386; x_wconf 88' lang='lat'>²7</span> 
     </span>
    </p>
   </div>
   <div class='ocr_carea' id='block_1_2' title="bbox 100 479 1349 2933">
    <p class='ocr_par' dir='ltr' id='par_1_2' title="bbox 100 479 1349 1942">
     <span class='ocr_line' id='line_1_2' title="bbox 145 479 1312 579; baseline 0.004 -25"><span class='ocrx_word' id='word_1_2' title='bbox 145 480 247 555; x_wconf 89' lang='lat' dir='ltr'>clade</span> <span class='ocrx_word' id='word_1_3' title='bbox 273 479 468 553; x_wconf 85' lang='lat' dir='ltr'>incolumes</span> <span class='ocrx_word' id='word_1_4' title='bbox 493 481 624 576; x_wconf 91' lang='lat' dir='ltr'>partim</span> <span class='ocrx_word' id='word_1_5' title='bbox 652 482 687 553; x_wconf 95' lang='lat' dir='ltr'>in</span> <span class='ocrx_word' id='word_1_6' title='bbox 715 482 869 577; x_wconf 82' lang='lat' dir='ltr'>Syriam,</span> <span class='ocrx_word' id='word_1_7' title='bbox 895 484 1026 579; x_wconf 88' lang='lat' dir='ltr'>partim</span> <span class='ocrx_word' id='word_1_8' title='bbox 1051 481 1121 556; x_wconf 90' lang='lat' dir='ltr'>alio</span> <span class='ocrx_word' id='word_1_9' title='bbox 1143 485 1312 559; x_wconf 89' lang='lat' dir='ltr'>evasisse.</span> 
     </span>
     <span class='ocr_line' id='line_1_3' title="bbox 144 596 1317 703; baseline 0.005 -26"><span class='ocrx_word' id='word_1_10' title='bbox 144 606 193 678; x_wconf 92' lang='lat' dir='ltr'>Hi</span> <span class='ocrx_word' id='word_1_11' title='bbox 230 604 362 678; x_wconf 91' lang='lat' dir='ltr'>deinde</span> <span class='ocrx_word' id='word_1_12' title='bbox 400 630 422 677; x_wconf 89' lang='lat' dir='ltr'>a</span> <span class='ocrx_word' id='word_1_13' title='bbox 455 605 583 678; x_wconf 85' lang='lat' dir='ltr'>Cassio</span> <span class='ocrx_word' id='word_1_14' title='bbox 619 596 812 703; x_wconf 77' lang='lat' dir='ltr'>quaestore</span> <span class='ocrx_word' id='word_1_15' title='bbox 847 604 1025 679; x_wconf 84' lang='lat' dir='ltr'>recollecti</span> <span class='ocrx_word' id='word_1_16' title='bbox 1053 632 1202 681; x_wconf 90' lang='lat' dir='ltr'>numero</span> <span class='ocrx_word' id='word_1_17' title='bbox 1230 610 1317 682; x_wconf 89' lang='lat' dir='ltr'>satis</span> 
     </span>
     <span class='ocr_line' id='line_1_4' title="bbox 144 725 1317 829; baseline 0.004 -27"><span class='ocrx_word' id='word_1_18' title='bbox 144 727 251 803; x_wconf 91' lang='lat' dir='ltr'>validi</span> <span class='ocrx_word' id='word_1_19' title='bbox 279 744 381 802; x_wconf 87' lang='lat' dir='ltr'>erant</span> <span class='ocrx_word' id='word_1_20' title='bbox 407 744 445 801; x_wconf 93' lang='lat' dir='ltr'>ut</span> <span class='ocrx_word' id='word_1_21' title='bbox 469 728 558 800; x_wconf 90' lang='lat' dir='ltr'>duas</span> <span class='ocrx_word' id='word_1_22' title='bbox 587 725 750 825; x_wconf 84' lang='lat' dir='ltr'>legiones</span> <span class='ocrx_word' id='word_1_23' title='bbox 776 727 973 826; x_wconf 83' lang='lat' dir='ltr'>explerent,</span> <span class='ocrx_word' id='word_1_24' title='bbox 1003 747 1041 803; x_wconf 90' lang='lat' dir='ltr'>et</span> <span class='ocrx_word' id='word_1_25' title='bbox 1068 731 1213 805; x_wconf 91' lang='lat' dir='ltr'>biennio</span> <span class='ocrx_word' id='word_1_26' title='bbox 1233 749 1317 829; x_wconf 91' lang='lat' dir='ltr'>post</span> 
     </span>
     <span class='ocr_line' id='line_1_5' title="bbox 104 852 1317 952; baseline 0.003 -26"><span class='ocrx_word' id='word_1_27' title='bbox 104 894 106 898; x_wconf 93' lang='lat'>·</span> <span class='ocrx_word' id='word_1_28' title='bbox 145 853 273 926; x_wconf 88' lang='lat' dir='ltr'>Cassio</span> <span class='ocrx_word' id='word_1_29' title='bbox 299 852 390 925; x_wconf 87' lang='lat' dir='ltr'>duce</span> <span class='ocrx_word' id='word_1_30' title='bbox 418 852 582 947; x_wconf 86' lang='lat' dir='ltr'>ingentes</span> <span class='ocrx_word' id='word_1_31' title='bbox 601 852 813 925; x_wconf 85' lang='lat' dir='ltr'>Parthorum</span> <span class='ocrx_word' id='word_1_32' title='bbox 832 852 955 949; x_wconf 90' lang='lat' dir='ltr'>copias</span> <span class='ocrx_word' id='word_1_33' title='bbox 974 878 1021 925; x_wconf 89' lang='lat' dir='ltr'>ex</span> <span class='ocrx_word' id='word_1_34' title='bbox 1042 853 1148 949; x_wconf 88' lang='lat' dir='ltr'>Syria</span> <span class='ocrx_word' id='word_1_35' title='bbox 1162 855 1317 952; x_wconf 87' lang='lat' dir='ltr'>expelle-</span> 
     </span>
     <span class='ocr_line' id='line_1_6' title="bbox 143 972 1313 1073; baseline 0.005 -26"><span class='ocrx_word' id='word_1_36' title='bbox 143 991 232 1048; x_wconf 88' lang='lat' dir='ltr'>rent.</span> <span class='ocrx_word' id='word_1_37' title='bbox 251 975 303 1048; x_wconf 85' lang='lat' dir='ltr'>Cf.</span> <span class='ocrx_word' id='word_1_38' title='bbox 321 972 479 1048; x_wconf 86' lang='lat' dir='ltr'>Velleius</span> <span class='ocrx_word' id='word_1_39' title='bbox 493 975 521 1045; x_wconf 92' lang='grc' dir='ltr'>ΙΙ</span> <span class='ocrx_word' id='word_1_40' title='bbox 537 980 603 1065; x_wconf 88' lang='lat'>46:</span> <span class='ocrx_word' id='word_1_41' title='bbox 639 977 849 1072; x_wconf 77' lang='lat' dir='ltr'>»Reliquias</span> <span class='ocrx_word' id='word_1_42' title='bbox 863 978 1040 1073; x_wconf 68' lang='lat' dir='ltr'>legionum</span> <span class='ocrx_word' id='word_1_43' title='bbox 1053 980 1087 1051; x_wconf 82' lang='lat' dir='ltr'><em>C</em></span> <span class='ocrx_word' id='word_1_44' title='bbox 1085 1038 1091 1051; x_wconf 94' lang='lat'><strong><em>.</em></strong></span> <span class='ocrx_word' id='word_1_45' title='bbox 1111 980 1274 1053; x_wconf 79' lang='lat' dir='ltr'>Cassius.</span> <span class='ocrx_word' id='word_1_46' title='bbox 1288 1040 1313 1053; x_wconf 88' lang='lat'>..</span> 
     </span>
     <span class='ocr_line' id='line_1_7' title="bbox 100 1098 1320 1201; baseline 0.006 -31"><span class='ocrx_word' id='word_1_47' title='bbox 100 1192 103 1201; x_wconf 30' lang='grc' dir='ltr'>Ι</span> <span class='ocrx_word' id='word_1_48' title='bbox 143 1100 371 1188; x_wconf 69' lang='lat' dir='ltr'>conservavit,</span> <span class='ocrx_word' id='word_1_49' title='bbox 398 1098 612 1195; x_wconf 70' lang='lat' dir='ltr'>Syriamque</span> <span class='ocrx_word' id='word_1_50' title='bbox 637 1100 721 1172; x_wconf 83' lang='lat' dir='ltr'>adeo</span> <span class='ocrx_word' id='word_1_51' title='bbox 734 1100 774 1171; x_wconf 81' lang='lat' dir='ltr'>ia</span> <span class='ocrx_word' id='word_1_52' title='bbox 788 1101 832 1171; x_wconf 86' lang='lat' dir='ltr'>P.</span> <span class='ocrx_word' id='word_1_53' title='bbox 849 1102 898 1173; x_wconf 87' lang='lat' dir='ltr'>R.</span> <span class='ocrx_word' id='word_1_54' title='bbox 905 1110 1075 1196; x_wconf 74' lang='lat' dir='ltr'>potestate</span> <span class='ocrx_word' id='word_1_55' title='bbox 1088 1104 1247 1190; x_wconf 75' lang='lat' dir='ltr'>retzaae&#39;t,</span> <span class='ocrx_word' id='word_1_56' title='bbox 1278 1117 1320 1177; x_wconf 88' lang='lat' dir='ltr'>at</span> 
     </span>
     <span class='ocr_line' id='line_1_8' title="bbox 142 1222 1319 1324; baseline 0.005 -29"><span class='ocrx_word' id='word_1_57' title='bbox 142 1234 384 1320; x_wconf 68' lang='lat' dir='ltr'>transgressos</span> <span class='ocrx_word' id='word_1_58' title='bbox 405 1224 445 1295; x_wconf 78' lang='lat' dir='ltr'>e‘a</span> <span class='ocrx_word' id='word_1_59' title='bbox 465 1248 543 1295; x_wconf 81' lang='lat' dir='ltr'>eam</span> <span class='ocrx_word' id='word_1_60' title='bbox 560 1222 719 1295; x_wconf 72' lang='lat' dir='ltr'>Peritos</span> <span class='ocrx_word' id='word_1_61' title='bbox 725 1223 970 1318; x_wconf 71' lang='lat' dir='ltr'>fele&#39;cz‘eeraea</span> <span class='ocrx_word' id='word_1_62' title='bbox 984 1227 1319 1324; x_wconf 75' lang='lat' dir='ltr'>eventufagaretae</span> 
     </span>
     <span class='ocr_line' id='line_1_9' title="bbox 131 1345 1317 1442; baseline 0.008 -23"><span class='ocrx_word' id='word_1_63' title='bbox 131 1346 340 1442; x_wconf 75' lang='lat' dir='ltr'>funderel.”</span> <span class='ocrx_word' id='word_1_64' title='bbox 368 1345 463 1440; x_wconf 73' lang='lat' dir='ltr'>App.</span> <span class='ocrx_word' id='word_1_65' title='bbox 494 1346 533 1417; x_wconf 85' lang='lat' dir='ltr'>B.</span> <span class='ocrx_word' id='word_1_66' title='bbox 565 1346 606 1419; x_wconf 82' lang='lat' dir='ltr'>C.</span> <span class='ocrx_word' id='word_1_67' title='bbox 637 1347 676 1434; x_wconf 91' lang='lat' dir='ltr'>ll,</span> <span class='ocrx_word' id='word_1_68' title='bbox 708 1368 776 1437; x_wconf 87' lang='lat'>49:</span> <span class='ocrx_word' id='word_1_69' title='bbox 806 1362 996 1437; x_wconf 62' lang='grc' dir='ltr'><strong><em>»Πομπηΐῳ</em></strong></span> <span class='ocrx_word' id='word_1_70' title='bbox 1016 1366 1053 1423; x_wconf 72' lang='grc' dir='ltr'>δὲ</span> <span class='ocrx_word' id='word_1_71' title='bbox 1069 1351 1133 1437; x_wconf 77' lang='grc' dir='ltr'>(ἦν)</span> <span class='ocrx_word' id='word_1_72' title='bbox 1148 1367 1245 1426; x_wconf 75' lang='grc' dir='ltr'><strong><em>πέντε</em></strong></span> <span class='ocrx_word' id='word_1_73' title='bbox 1253 1371 1317 1439; x_wconf 80' lang='grc' dir='ltr'>μὲν</span> 
     </span>
     <span class='ocr_line' id='line_1_10' title="bbox 143 1484 1349 1569; baseline 0.004 -23"><span class='ocrx_word' id='word_1_74' title='bbox 143 1486 179 1560; x_wconf 75' lang='grc' dir='ltr'>ἐξ</span> <span class='ocrx_word' id='word_1_75' title='bbox 203 1486 348 1558; x_wconf 80' lang='grc' dir='ltr'><strong><em>Ἰταλίας</em></strong></span> <span class='ocrx_word' id='word_1_76' title='bbox 376 1487 561 1557; x_wconf 56' lang='lat' dir='ltr'>(vtem...</span> <span class='ocrx_word' id='word_1_77' title='bbox 586 1484 623 1543; x_wconf 80' lang='grc' dir='ltr'>ἐκ</span> <span class='ocrx_word' id='word_1_78' title='bbox 640 1488 677 1544; x_wconf 76' lang='grc' dir='ltr'>δὲ</span> <span class='ocrx_word' id='word_1_79' title='bbox 696 1492 908 1561; x_wconf 81' lang='grc' dir='ltr'><strong><em>Παρθυαίων</em></strong></span> <span class='ocrx_word' id='word_1_80' title='bbox 925 1489 988 1548; x_wconf 71' lang='grc' dir='ltr'>δύο</span> <span class='ocrx_word' id='word_1_81' title='bbox 1005 1494 1074 1550; x_wconf 81' lang='grc' dir='ltr'>τῶν</span> <span class='ocrx_word' id='word_1_82' title='bbox 1090 1493 1153 1550; x_wconf 86' lang='grc' dir='ltr'>σὺν</span> <span class='ocrx_word' id='word_1_83' title='bbox 1170 1495 1317 1569; x_wconf 83' lang='grc' dir='ltr'><strong><em>Κράσσῳ</em></strong></span> <span class='ocrx_word' id='word_1_84' title='bbox 1339 1514 1349 1525; x_wconf 92' lang='grc'><em>·</em></span> 
     </span>
     <span class='ocr_line' id='line_1_11' title="bbox 142 1595 1316 1685; baseline 0.003 -14"><span class='ocrx_word' id='word_1_85' title='bbox 142 1614 423 1685; x_wconf 78' lang='grc' dir='ltr'><em>πεπολεμηκότων</em></span> <span class='ocrx_word' id='word_1_86' title='bbox 438 1614 481 1671; x_wconf 81' lang='grc' dir='ltr'>τὰ</span> <span class='ocrx_word' id='word_1_87' title='bbox 499 1609 693 1670; x_wconf 54' lang='lat' dir='ltr'>dadinum?</span> <span class='ocrx_word' id='word_1_88' title='bbox 746 1595 917 1671; x_wconf 82' lang='lat' dir='ltr'>Similiter</span> <span class='ocrx_word' id='word_1_89' title='bbox 949 1599 1099 1672; x_wconf 84' lang='lat' dir='ltr'>Iustinus</span> <span class='ocrx_word' id='word_1_90' title='bbox 1141 1601 1175 1672; x_wconf 90' lang='lat' dir='ltr'>in</span> <span class='ocrx_word' id='word_1_91' title='bbox 1199 1602 1316 1675; x_wconf 80' lang='lat' dir='ltr'>maius</span> 
     </span>
     <span class='ocr_line' id='line_1_12' title="bbox 142 1719 1316 1829; baseline 0.003 -34"><span class='ocrx_word' id='word_1_92' title='bbox 142 1737 255 1818; x_wconf 86' lang='lat' dir='ltr'>auget</span> <span class='ocrx_word' id='word_1_93' title='bbox 282 1719 420 1811; x_wconf 84' lang='lat' dir='ltr'>clades,</span> <span class='ocrx_word' id='word_1_94' title='bbox 451 1747 541 1818; x_wconf 87' lang='lat' dir='ltr'>quas</span> <span class='ocrx_word' id='word_1_95' title='bbox 570 1722 719 1829; x_wconf 70' lang='lat' dir='ltr'>Cassius⁸</span> <span class='ocrx_word' id='word_1_96' title='bbox 744 1738 781 1794; x_wconf 89' lang='lat' dir='ltr'>et</span> <span class='ocrx_word' id='word_1_97' title='bbox 805 1737 936 1818; x_wconf 91' lang='lat' dir='ltr'>postea</span> <span class='ocrx_word' id='word_1_98' title='bbox 960 1723 1149 1796; x_wconf 88' lang='lat' dir='ltr'>Ventidius</span> <span class='ocrx_word' id='word_1_99' title='bbox 1177 1725 1316 1799; x_wconf 89' lang='lat' dir='ltr'>Parthis</span> 
     </span>
     <span class='ocr_line' id='line_1_13' title="bbox 142 1828 536 1942; baseline 0.003 -24"><span class='ocrx_word' id='word_1_100' title='bbox 142 1847 176 1918; x_wconf 93' lang='lat' dir='ltr'>in</span> <span class='ocrx_word' id='word_1_101' title='bbox 205 1845 311 1942; x_wconf 87' lang='lat' dir='ltr'>Syria</span> <span class='ocrx_word' id='word_1_102' title='bbox 337 1828 536 1919; x_wconf 84' lang='lat' dir='ltr'>intulerunt.</span> 
     </span>
    </p>

    <p class='ocr_par' dir='ltr' id='par_1_3' title="bbox 130 1970 1319 2565">
     <span class='ocr_line' id='line_1_14' title="bbox 195 1970 1310 2067; baseline -0.001 -22"><span class='ocrx_word' id='word_1_103' title='bbox 195 1970 373 2045; x_wconf 84' lang='lat' dir='ltr'>Graviora</span> <span class='ocrx_word' id='word_1_104' title='bbox 400 1985 481 2042; x_wconf 90' lang='lat' dir='ltr'>sunt</span> <span class='ocrx_word' id='word_1_105' title='bbox 508 1985 546 2043; x_wconf 91' lang='lat' dir='ltr'>et</span> <span class='ocrx_word' id='word_1_106' title='bbox 570 1970 746 2067; x_wconf 84' lang='lat' dir='ltr'>digniora,</span> <span class='ocrx_word' id='word_1_107' title='bbox 779 1996 873 2067; x_wconf 89' lang='lat' dir='ltr'>quae</span> <span class='ocrx_word' id='word_1_108' title='bbox 891 1994 1063 2044; x_wconf 89' lang='lat' dir='ltr'>censurae</span> <span class='ocrx_word' id='word_1_109' title='bbox 1085 1971 1310 2060; x_wconf 86' lang='lat' dir='ltr'>subiciantur,</span> 
     </span>
     <span class='ocr_line' id='line_1_15' title="bbox 142 2085 1319 2193; baseline -0.003 -23"><span class='ocrx_word' id='word_1_110' title='bbox 142 2122 187 2170; x_wconf 89' lang='lat' dir='ltr'>ea</span> <span class='ocrx_word' id='word_1_111' title='bbox 215 2121 308 2193; x_wconf 89' lang='lat' dir='ltr'>quae</span> <span class='ocrx_word' id='word_1_112' title='bbox 336 2092 490 2191; x_wconf 90' lang='lat' dir='ltr'>legimus</span> <span class='ocrx_word' id='word_1_113' title='bbox 517 2096 540 2189; x_wconf 60' lang='grc' dir='ltr'>ἓ</span> <span class='ocrx_word' id='word_1_114' title='bbox 567 2099 610 2165; x_wconf 80' lang='lat'>6:</span> <span class='ocrx_word' id='word_1_115' title='bbox 650 2094 750 2165; x_wconf 75' lang='lat' dir='ltr'>»His</span> <span class='ocrx_word' id='word_1_116' title='bbox 777 2095 830 2166; x_wconf 81' lang='lat' dir='ltr'>ita</span> <span class='ocrx_word' id='word_1_117' title='bbox 848 2096 963 2190; x_wconf 78' lang='lat' dir='ltr'>gestes</span> <span class='ocrx_word' id='word_1_118' title='bbox 989 2120 1061 2166; x_wconf 82' lang='lat' dir='ltr'>aaa</span> <span class='ocrx_word' id='word_1_119' title='bbox 1084 2119 1216 2192; x_wconf 71' lang='lat' dir='ltr'>megae</span> <span class='ocrx_word' id='word_1_120' title='bbox 1230 2085 1319 2190; x_wconf 69' lang='lat' dir='ltr'>past</span> 
     </span>
     <span class='ocr_line' id='line_1_16' title="bbox 141 2218 1315 2316; baseline -0.003 -21"><span class='ocrx_word' id='word_1_121' title='bbox 141 2230 292 2316; x_wconf 71' lang='lat' dir='ltr'>tempore</span> <span class='ocrx_word' id='word_1_122' title='bbox 318 2219 496 2291; x_wconf 77' lang='lat' dir='ltr'>Romanis</span> <span class='ocrx_word' id='word_1_123' title='bbox 522 2219 617 2290; x_wconf 73' lang='grc' dir='ltr'><strong><em>ναίον</em></strong></span> <span class='ocrx_word' id='word_1_124' title='bbox 644 2218 835 2289; x_wconf 77' lang='lat' dir='ltr'>Caesarem</span> <span class='ocrx_word' id='word_1_125' title='bbox 852 2218 1315 2314; x_wconf 71' lang='lat' dir='ltr'>Pompeiamqaeeeia&#39;lebel·</span> 
     </span>
     <span class='ocr_line' id='line_1_17' title="bbox 139 2325 1315 2437; baseline -0.002 -20"><span class='ocrx_word' id='word_1_126' title='bbox 139 2325 217 2417; x_wconf 30' lang='lat' dir='ltr'>&#39;lam</span> <span class='ocrx_word' id='word_1_127' title='bbox 251 2344 379 2429; x_wconf 74' lang='lat' dir='ltr'>aretae,</span> <span class='ocrx_word' id='word_1_128' title='bbox 418 2343 458 2414; x_wconf 78' lang='lat' dir='ltr'>&#39;ia</span> <span class='ocrx_word' id='word_1_129' title='bbox 494 2366 560 2437; x_wconf 77' lang='lat' dir='ltr'>qao</span> <span class='ocrx_word' id='word_1_130' title='bbox 586 2342 725 2413; x_wconf 66' lang='lat' dir='ltr'>Pareae·</span> <span class='ocrx_word' id='word_1_131' title='bbox 748 2341 1104 2437; x_wconf 90' lang='lat' dir='ltr'>Pompeianarum</span> <span class='ocrx_word' id='word_1_132' title='bbox 1130 2342 1315 2437; x_wconf 88' lang='lat' dir='ltr'>partium</span> 
     </span>
     <span class='ocr_line' id='line_1_18' title="bbox 130 2468 275 2565; baseline -0.014 -24"><span class='ocrx_word' id='word_1_133' title='bbox 130 2468 275 2565; x_wconf 81' lang='lat' dir='ltr'>fuere.’&#39;</span> 
     </span>
    </p>

    <p class='ocr_par' dir='ltr' id='par_1_4' title="bbox 194 2587 1311 2687">
     <span class='ocr_line' id='line_1_19' title="bbox 194 2587 1311 2687; baseline 0 -25"><span class='ocrx_word' id='word_1_134' title='bbox 194 2587 346 2663; x_wconf 84' lang='lat' dir='ltr'>Multum</span> <span class='ocrx_word' id='word_1_135' title='bbox 363 2589 417 2663; x_wconf 92' lang='lat' dir='ltr'>his</span> <span class='ocrx_word' id='word_1_136' title='bbox 427 2589 546 2663; x_wconf 91' lang='lat' dir='ltr'>verbis</span> <span class='ocrx_word' id='word_1_137' title='bbox 556 2591 736 2687; x_wconf 89' lang='lat' dir='ltr'>discrepat</span> <span class='ocrx_word' id='word_1_138' title='bbox 745 2591 989 2669; x_wconf 88' lang='lat' dir='ltr'>testimonium</span> <span class='ocrx_word' id='word_1_139' title='bbox 997 2589 1125 2663; x_wconf 92' lang='lat' dir='ltr'>Dionis</span> <span class='ocrx_word' id='word_1_140' title='bbox 1134 2589 1230 2678; x_wconf 90' lang='lat' dir='ltr'>XLI,</span> <span class='ocrx_word' id='word_1_141' title='bbox 1245 2611 1264 2682; x_wconf 88' lang='lat'>5</span> <span class='ocrx_word' id='word_1_142' title='bbox 1272 2611 1311 2681; x_wconf 87' lang='lat'>5:</span> 
     </span>
    </p>

    <p class='ocr_par' dir='ltr' id='par_1_5' title="bbox 141 2728 1315 2933">
     <span class='ocr_line' id='line_1_20' title="bbox 174 2728 1315 2807; baseline -0.004 -16"><span class='ocrx_word' id='word_1_143' title='bbox 174 2731 278 2800; x_wconf 74' lang='lat' dir='ltr'>„daea</span> <span class='ocrx_word' id='word_1_144' title='bbox 295 2734 358 2807; x_wconf 81' lang='grc' dir='ltr'>γὰρ</span> <span class='ocrx_word' id='word_1_145' title='bbox 371 2733 409 2804; x_wconf 71' lang='grc' dir='ltr'>δὴ</span> <span class='ocrx_word' id='word_1_146' title='bbox 419 2736 481 2790; x_wconf 81' lang='grc' dir='ltr'>τοῦ</span> <span class='ocrx_word' id='word_1_147' title='bbox 490 2751 528 2789; x_wconf 80' lang='grc' dir='ltr'>τε</span> <span class='ocrx_word' id='word_1_148' title='bbox 540 2733 723 2807; x_wconf 76' lang='grc' dir='ltr'><strong><em>Φαρνάκου</em></strong></span> <span class='ocrx_word' id='word_1_149' title='bbox 731 2736 787 2789; x_wconf 82' lang='grc' dir='ltr'><strong><em>καί</em></strong></span> <span class='ocrx_word' id='word_1_150' title='bbox 796 2736 858 2789; x_wconf 81' lang='grc' dir='ltr'>τοῦ</span> <span class='ocrx_word' id='word_1_151' title='bbox 865 2728 1023 2806; x_wconf 78' lang='grc' dir='ltr'><strong><em>Ὀρώδου,</em></strong></span> <span class='ocrx_word' id='word_1_152' title='bbox 1040 2732 1169 2804; x_wconf 77' lang='grc' dir='ltr'><strong><em>καὶγὰρ</em></strong></span> <span class='ocrx_word' id='word_1_153' title='bbox 1179 2732 1315 2796; x_wconf 81' lang='grc' dir='ltr'><strong><em>τοῦτον,</em></strong></span> 
     </span>
     <span class='ocr_line' id='line_1_21' title="bbox 141 2846 1314 2933; baseline -0.003 -16"><span class='ocrx_word' id='word_1_154' title='bbox 141 2864 252 2918; x_wconf 84' lang='grc' dir='ltr'><strong><em>καίτοι</em></strong></span> <span class='ocrx_word' id='word_1_155' title='bbox 269 2859 433 2930; x_wconf 80' lang='grc' dir='ltr'><strong><em>πολέμιον</em></strong></span> <span class='ocrx_word' id='word_1_156' title='bbox 450 2857 505 2931; x_wconf 77' lang='grc' dir='ltr'>ἀφ’</span> <span class='ocrx_word' id='word_1_157' title='bbox 525 2846 567 2916; x_wconf 80' lang='grc' dir='ltr'>οὗ</span> <span class='ocrx_word' id='word_1_158' title='bbox 584 2860 665 2931; x_wconf 82' lang='grc' dir='ltr'><strong><em>τοὺς</em></strong></span> <span class='ocrx_word' id='word_1_159' title='bbox 684 2860 862 2933; x_wconf 78' lang='grc' dir='ltr'><strong><em>Κράσσους</em></strong></span> <span class='ocrx_word' id='word_1_160' title='bbox 880 2854 1072 2915; x_wconf 77' lang='grc' dir='ltr'><strong><em>ἀπέκτεινεν</em></strong></span> <span class='ocrx_word' id='word_1_161' title='bbox 1084 2853 1178 2921; x_wconf 75' lang='grc' dir='ltr'><strong><em>ὄντα,</em></strong></span> <span class='ocrx_word' id='word_1_162' title='bbox 1195 2870 1314 2929; x_wconf 79' lang='grc' dir='ltr'><strong><em>προσε·</em></strong></span> 
     </span>
    </p>
   </div>
   <div class='ocr_carea' id='block_1_3' title="bbox 143 2962 1314 3059">
    <p class='ocr_par' dir='ltr' id='par_1_6' title="bbox 143 2962 1314 3059">
     <span class='ocr_line' id='line_1_22' title="bbox 143 2962 1314 3059; baseline -0.006 -17"><span class='ocrx_word' id='word_1_163' title='bbox 143 2962 363 3059; x_wconf 70' lang='grc' dir='ltr'><strong><em>ταιρίσασθαι</em></strong></span> <span class='ocrx_word' id='word_1_164' title='bbox 380 2982 584 3057; x_wconf 77' lang='grc' dir='ltr'><strong><em>ἐπεχείρησε,</em></strong></span> <span class='ocrx_word' id='word_1_165' title='bbox 601 2983 721 3053; x_wconf 80' lang='grc' dir='ltr'><strong><em>πάντες</em></strong></span> <span class='ocrx_word' id='word_1_166' title='bbox 739 2980 772 3039; x_wconf 82' lang='grc' dir='ltr'>οἱ</span> <span class='ocrx_word' id='word_1_167' title='bbox 790 2980 892 3039; x_wconf 79' lang='grc' dir='ltr'><strong><em>ἄλλοι</em></strong></span> <span class='ocrx_word' id='word_1_168' title='bbox 901 3017 1011 3036; x_wconf 88' lang='grc'><strong>......</strong></span> <span class='ocrx_word' id='word_1_169' title='bbox 1020 2984 1087 3035; x_wconf 24' lang='grc' dir='ltr'><strong><em>ικαὶ</em></strong></span> <span class='ocrx_word' id='word_1_170' title='bbox 1103 2980 1260 3051; x_wconf 76' lang='grc' dir='ltr'><strong><em>χρήματα</em></strong></span> <span class='ocrx_word' id='word_1_171' title='bbox 1280 2980 1314 3036; x_wconf 83' lang='grc' dir='ltr'>οἱ</span> 
     </span>
    </p>
   </div>
   <div class='ocr_carea' id='block_1_4' title="bbox 143 3100 1314 3179">
    <p class='ocr_par' dir='ltr' id='par_1_7' title="bbox 143 3100 1314 3179">
     <span class='ocr_line' id='line_1_23' title="bbox 143 3100 1314 3179; baseline -0.008 -11"><span class='ocrx_word' id='word_1_172' title='bbox 143 3108 284 3176; x_wconf 78' lang='grc' dir='ltr'><strong><em>ἔδωκαν,</em></strong></span> <span class='ocrx_word' id='word_1_173' title='bbox 309 3114 366 3166; x_wconf 80' lang='grc' dir='ltr'><strong><em>καί</em></strong></span> <span class='ocrx_word' id='word_1_174' title='bbox 391 3110 553 3179; x_wconf 77' lang='grc' dir='ltr'><strong><em>βοηθείας</em></strong></span> <span class='ocrx_word' id='word_1_175' title='bbox 571 3106 604 3164; x_wconf 83' lang='grc' dir='ltr'>οἱ</span> <span class='ocrx_word' id='word_1_176' title='bbox 621 3108 684 3177; x_wconf 80' lang='grc' dir='ltr'>μὲν</span> <span class='ocrx_word' id='word_1_177' title='bbox 702 3102 868 3175; x_wconf 78' lang='grc' dir='ltr'><strong><em>ἔπεμψαν,</em></strong></span> <span class='ocrx_word' id='word_1_178' title='bbox 894 3103 928 3161; x_wconf 82' lang='lat' dir='ltr'>ol</span> <span class='ocrx_word' id='word_1_179' title='bbox 948 3104 985 3160; x_wconf 75' lang='grc' dir='ltr'>δὲ</span> <span class='ocrx_word' id='word_1_180' title='bbox 1002 3101 1135 3175; x_wconf 76' lang='grc' dir='ltr'><strong><em>ἤγαγον.</em></strong></span> <span class='ocrx_word' id='word_1_181' title='bbox 1168 3100 1201 3159; x_wconf 83' lang='lat'>&#39;0</span> <span class='ocrx_word' id='word_1_182' title='bbox 1217 3104 1255 3159; x_wconf 75' lang='grc' dir='ltr'>δὲ</span> <span class='ocrx_word' id='word_1_183' title='bbox 1273 3104 1314 3174; x_wconf 76' lang='grc' dir='ltr'>δὴ</span> 
     </span>
    </p>
   </div>
   <div class='ocr_carea' id='block_1_5' title="bbox 33 3228 1397 4435">
    <p class='ocr_par' dir='ltr' id='par_1_8' title="bbox 142 3228 1397 3441">
     <span class='ocr_line' id='line_1_24' title="bbox 144 3228 1397 3314; baseline -0.01 -17"><span class='ocrx_word' id='word_1_184' title='bbox 144 3240 287 3314; x_wconf 68' lang='grc' dir='ltr'><strong><em>Πάρθος</em></strong></span> <span class='ocrx_word' id='word_1_185' title='bbox 303 3234 468 3307; x_wconf 78' lang='grc' dir='ltr'><strong><em>ὑπίσχετο</em></strong></span> <span class='ocrx_word' id='word_1_186' title='bbox 485 3238 549 3306; x_wconf 81' lang='grc' dir='ltr'>μὲν</span> <span class='ocrx_word' id='word_1_187' title='bbox 567 3232 671 3307; x_wconf 81' lang='grc' dir='ltr'><strong><em>αὐτῷ,</em></strong></span> <span class='ocrx_word' id='word_1_188' title='bbox 689 3231 731 3291; x_wconf 85' lang='grc' dir='ltr'>ίίν</span> <span class='ocrx_word' id='word_1_189' title='bbox 748 3232 809 3303; x_wconf 79' lang='grc' dir='ltr'>τὴν</span> <span class='ocrx_word' id='word_1_190' title='bbox 826 3232 954 3305; x_wconf 78' lang='grc' dir='ltr'><strong><em>Συρίαν</em></strong></span> <span class='ocrx_word' id='word_1_191' title='bbox 964 3230 1061 3302; x_wconf 68' lang='grc' dir='ltr'><strong><em>λάβῃ,</em></strong></span> <span class='ocrx_word' id='word_1_192' title='bbox 1071 3232 1316 3301; x_wconf 78' lang='grc' dir='ltr'><strong><em>συμμαχήσειν,</em></strong></span> <span class='ocrx_word' id='word_1_193' title='bbox 1394 3228 1397 3231; x_wconf 75' lang='grc'><strong><em>’</em></strong></span> 
     </span>
     <span class='ocr_line' id='line_1_25' title="bbox 142 3356 788 3441; baseline -0.019 -15"><span class='ocrx_word' id='word_1_194' title='bbox 142 3370 188 3441; x_wconf 79' lang='grc' dir='ltr'>μὴ</span> <span class='ocrx_word' id='word_1_195' title='bbox 206 3368 320 3438; x_wconf 79' lang='grc' dir='ltr'><strong><em>τυχών</em></strong></span> <span class='ocrx_word' id='word_1_196' title='bbox 336 3366 374 3423; x_wconf 74' lang='grc' dir='ltr'>δὲ</span> <span class='ocrx_word' id='word_1_197' title='bbox 392 3360 495 3434; x_wconf 81' lang='grc' dir='ltr'><strong><em>αὐτῆς</em></strong></span> <span class='ocrx_word' id='word_1_198' title='bbox 513 3358 576 3418; x_wconf 79' lang='grc' dir='ltr'>οὐκ</span> <span class='ocrx_word' id='word_1_199' title='bbox 594 3356 788 3441; x_wconf 77' lang='grc' dir='ltr'><strong><em>ἐπήμυνεν.”</em></strong></span> 
     </span>
    </p>

    <p class='ocr_par' dir='ltr' id='par_1_9' title="bbox 33 3462 1317 4435">
     <span class='ocr_line' id='line_1_26' title="bbox 169 3462 1314 3570; baseline -0.012 -21"><span class='ocrx_word' id='word_1_200' title='bbox 169 3476 293 3570; x_wconf 82' lang='lat' dir='ltr'>-Quin</span> <span class='ocrx_word' id='word_1_201' title='bbox 333 3472 404 3547; x_wconf 89' lang='lat' dir='ltr'>alio</span> <span class='ocrx_word' id='word_1_202' title='bbox 445 3469 525 3544; x_wconf 93' lang='lat' dir='ltr'>loco</span> <span class='ocrx_word' id='word_1_203' title='bbox 567 3467 670 3541; x_wconf 91' lang='lat' dir='ltr'>nobis</span> <span class='ocrx_word' id='word_1_204' title='bbox 694 3468 737 3561; x_wconf 80' lang='lat' dir='ltr'>r)</span> <span class='ocrx_word' id='word_1_205' title='bbox 782 3462 907 3539; x_wconf 85' lang='lat' dir='ltr'>auctor</span> <span class='ocrx_word' id='word_1_206' title='bbox 945 3480 1011 3553; x_wconf 90' lang='lat' dir='ltr'>est,</span> <span class='ocrx_word' id='word_1_207' title='bbox 1047 3464 1207 3561; x_wconf 89' lang='lat' dir='ltr'>legatum</span> <span class='ocrx_word' id='word_1_208' title='bbox 1235 3463 1314 3559; x_wconf 92' lang='lat' dir='ltr'>opis</span> 
     </span>
     <span class='ocr_line' id='line_1_27' title="bbox 142 3583 1316 3696; baseline -0.013 -23"><span class='ocrx_word' id='word_1_209' title='bbox 142 3599 322 3696; x_wconf 90' lang='lat' dir='ltr'>petendae</span> <span class='ocrx_word' id='word_1_210' title='bbox 350 3621 458 3670; x_wconf 87' lang='lat' dir='ltr'>causa</span> <span class='ocrx_word' id='word_1_211' title='bbox 484 3619 508 3667; x_wconf 90' lang='lat' dir='ltr'>a</span> <span class='ocrx_word' id='word_1_212' title='bbox 535 3583 710 3687; x_wconf 89' lang='lat' dir='ltr'>Pompeio</span> <span class='ocrx_word' id='word_1_213' title='bbox 738 3588 786 3662; x_wconf 91' lang='lat' dir='ltr'>ad</span> <span class='ocrx_word' id='word_1_214' title='bbox 804 3587 976 3679; x_wconf 88' lang='lat' dir='ltr'>Orodem</span> <span class='ocrx_word' id='word_1_215' title='bbox 1001 3588 1148 3660; x_wconf 88' lang='lat' dir='ltr'>missum</span> <span class='ocrx_word' id='word_1_216' title='bbox 1176 3587 1316 3660; x_wconf 88' lang='lat' dir='ltr'>abhoc</span> 
     </span>
     <span class='ocr_line' id='line_1_28' title="bbox 143 3708 1314 3807; baseline -0.014 -12"><span class='ocrx_word' id='word_1_217' title='bbox 143 3725 178 3795; x_wconf 91' lang='lat' dir='ltr'>in</span> <span class='ocrx_word' id='word_1_218' title='bbox 204 3720 343 3795; x_wconf 90' lang='lat' dir='ltr'>vincula</span> <span class='ocrx_word' id='word_1_219' title='bbox 367 3744 448 3793; x_wconf 85' lang='lat' dir='ltr'>esse</span> <span class='ocrx_word' id='word_1_220' title='bbox 473 3717 682 3791; x_wconf 90' lang='lat' dir='ltr'>coniectum.</span> <span class='ocrx_word' id='word_1_221' title='bbox 714 3710 920 3791; x_wconf 84' lang='lat' dir='ltr'>Plutarchus</span> <span class='ocrx_word' id='word_1_222' title='bbox 934 3736 1006 3784; x_wconf 92' lang='lat' dir='ltr'>non</span> <span class='ocrx_word' id='word_1_223' title='bbox 1021 3710 1154 3783; x_wconf 89' lang='lat' dir='ltr'>diserte</span> <span class='ocrx_word' id='word_1_224' title='bbox 1168 3708 1314 3807; x_wconf 92' lang='lat' dir='ltr'>quidem</span> 
     </span>
     <span class='ocr_line' id='line_1_29' title="bbox 143 3818 1314 3930; baseline -0.014 -12"><span class='ocrx_word' id='word_1_225' title='bbox 143 3845 355 3919; x_wconf 90' lang='lat' dir='ltr'>Parthorum</span> <span class='ocrx_word' id='word_1_226' title='bbox 373 3843 584 3915; x_wconf 88' lang='lat' dir='ltr'>societatem</span> <span class='ocrx_word' id='word_1_227' title='bbox 602 3850 874 3923; x_wconf 88' lang='lat' dir='ltr'>commemorat,</span> <span class='ocrx_word' id='word_1_228' title='bbox 891 3818 958 3907; x_wconf 90' lang='lat' dir='ltr'>sed</span> <span class='ocrx_word' id='word_1_229' title='bbox 971 3831 1102 3930; x_wconf 85' lang='lat' dir='ltr'>legitur</span> <span class='ocrx_word' id='word_1_230' title='bbox 1116 3832 1213 3929; x_wconf 91' lang='lat' dir='ltr'>apud</span> <span class='ocrx_word' id='word_1_231' title='bbox 1231 3857 1314 3904; x_wconf 92' lang='lat' dir='ltr'>eum</span> 
     </span>
     <span class='ocr_line' id='line_1_30' title="bbox 143 3943 1316 4063; baseline -0.014 -20"><span class='ocrx_word' id='word_1_232' title='bbox 143 3943 385 4045; x_wconf 90' lang='lat' dir='ltr'>testimonium</span> <span class='ocrx_word' id='word_1_233' title='bbox 412 3965 521 4063; x_wconf 87' lang='lat' dir='ltr'>quod,</span> <span class='ocrx_word' id='word_1_234' title='bbox 551 3964 580 4035; x_wconf 92' lang='lat' dir='ltr'>si</span> <span class='ocrx_word' id='word_1_235' title='bbox 607 3986 734 4037; x_wconf 86' lang='lat' dir='ltr'>verum</span> <span class='ocrx_word' id='word_1_236' title='bbox 758 3974 823 4047; x_wconf 91' lang='lat' dir='ltr'>est,</span> <span class='ocrx_word' id='word_1_237' title='bbox 855 3958 974 4030; x_wconf 89' lang='lat' dir='ltr'>lustini</span> <span class='ocrx_word' id='word_1_238' title='bbox 989 3956 1108 4029; x_wconf 91' lang='lat' dir='ltr'>verbis</span> <span class='ocrx_word' id='word_1_239' title='bbox 1123 3955 1220 4027; x_wconf 93' lang='lat' dir='ltr'>haud</span> <span class='ocrx_word' id='word_1_240' title='bbox 1233 3953 1316 4027; x_wconf 87' lang='lat' dir='ltr'>leve</span> 
     </span>
     <span class='ocr_line' id='line_1_31' title="bbox 33 4082 1317 4190; baseline -0.016 -22"><span class='ocrx_word' id='word_1_241' title='bbox 33 4125 35 4130; x_wconf 56' lang='lat'><strong><em>¹</em></strong></span> <span class='ocrx_word' id='word_1_242' title='bbox 141 4092 284 4190; x_wconf 90' lang='lat' dir='ltr'>pondus</span> <span class='ocrx_word' id='word_1_243' title='bbox 313 4089 442 4163; x_wconf 85' lang='lat' dir='ltr'>afferre</span> <span class='ocrx_word' id='word_1_244' title='bbox 470 4085 597 4159; x_wconf 92' lang='lat' dir='ltr'>iudico.</span> <span class='ocrx_word' id='word_1_245' title='bbox 629 4085 666 4155; x_wconf 91' lang='lat' dir='ltr'>ln</span> <span class='ocrx_word' id='word_1_246' title='bbox 687 4084 761 4156; x_wconf 90' lang='lat' dir='ltr'>vita</span> <span class='ocrx_word' id='word_1_247' title='bbox 775 4082 937 4177; x_wconf 90' lang='lat' dir='ltr'>Pompei,</span> <span class='ocrx_word' id='word_1_248' title='bbox 968 4106 1046 4176; x_wconf 87' lang='lat' dir='ltr'>cap.</span> <span class='ocrx_word' id='word_1_249' title='bbox 1069 4085 1119 4186; x_wconf 21' lang='lat'>76¹</span> <span class='ocrx_word' id='word_1_250' title='bbox 1132 4091 1317 4150; x_wconf 84' lang='lat' dir='ltr'>narratum</span> 
     </span>
     <span class='ocr_line' id='line_1_32' title="bbox 142 4200 1315 4307; baseline -0.02 -15"><span class='ocrx_word' id='word_1_251' title='bbox 142 4218 351 4305; x_wconf 70' lang='lat' dir='ltr'>invenimus</span> <span class='ocrx_word' id='word_1_252' title='bbox 388 4210 600 4307; x_wconf 87' lang='lat' dir='ltr'>Pompeium</span> <span class='ocrx_word' id='word_1_253' title='bbox 637 4222 721 4305; x_wconf 90' lang='lat' dir='ltr'>post</span> <span class='ocrx_word' id='word_1_254' title='bbox 746 4204 886 4278; x_wconf 88' lang='lat' dir='ltr'>cladem</span> <span class='ocrx_word' id='word_1_255' title='bbox 914 4200 1165 4289; x_wconf 88' lang='lat' dir='ltr'>Pharsalicam,</span> <span class='ocrx_word' id='word_1_256' title='bbox 1205 4223 1315 4296; x_wconf 88' lang='lat' dir='ltr'>quum</span> 
     </span>
     <span class='ocr_line' id='line_1_33' title="bbox 143 4322 1317 4435; baseline -0.02 -20"><span class='ocrx_word' id='word_1_257' title='bbox 143 4339 278 4417; x_wconf 92' lang='lat' dir='ltr'>consilii</span> <span class='ocrx_word' id='word_1_258' title='bbox 292 4341 396 4435; x_wconf 92' lang='lat' dir='ltr'>inops</span> <span class='ocrx_word' id='word_1_259' title='bbox 410 4336 490 4409; x_wconf 90' lang='lat' dir='ltr'>litus</span> <span class='ocrx_word' id='word_1_260' title='bbox 505 4333 618 4407; x_wconf 83' lang='lat' dir='ltr'>Asiae</span> <span class='ocrx_word' id='word_1_261' title='bbox 633 4332 781 4404; x_wconf 84' lang='lat' dir='ltr'>Minoris</span> <span class='ocrx_word' id='word_1_262' title='bbox 795 4329 946 4425; x_wconf 89' lang='lat' dir='ltr'>legeret,</span> <span class='ocrx_word' id='word_1_263' title='bbox 964 4329 998 4399; x_wconf 94' lang='lat' dir='ltr'>in</span> <span class='ocrx_word' id='word_1_264' title='bbox 1012 4327 1133 4400; x_wconf 86' lang='lat' dir='ltr'>animo</span> <span class='ocrx_word' id='word_1_265' title='bbox 1147 4322 1317 4407; x_wconf 85' lang='lat' dir='ltr'>habuisse</span> 
     </span>
    </p>
   </div>
   <div class='ocr_carea' id='block_1_6' title="bbox 143 4524 295 4532">
    <p class='ocr_par' dir='ltr' id='par_1_10' title="bbox 143 4524 295 4532">
     <span class='ocr_line' id='line_1_34' title="bbox 143 4524 295 4532; baseline -0.013 0"><span class='ocrx_word' id='word_1_266' title='bbox 143 4524 295 4532; x_wconf 77' lang='lat'><em>——--—-—</em></span> 
     </span>
    </p>
   </div>
   <div class='ocr_carea' id='block_1_7' title="bbox 183 4608 442 4676">
    <p class='ocr_par' dir='ltr' id='par_1_11' title="bbox 183 4608 442 4676">
     <span class='ocr_line' id='line_1_35' title="bbox 183 4608 442 4676; baseline -0.015 -17"><span class='ocrx_word' id='word_1_267' title='bbox 183 4612 207 4676; x_wconf 89' lang='lat'>1)</span> <span class='ocrx_word' id='word_1_268' title='bbox 243 4609 294 4658; x_wconf 91' lang='lat' dir='ltr'>Dio</span> <span class='ocrx_word' id='word_1_269' title='bbox 314 4608 399 4666; x_wconf 88' lang='lat' dir='ltr'>XLII,</span> <span class='ocrx_word' id='word_1_270' title='bbox 420 4620 442 4655; x_wconf 90' lang='lat'>2.</span> 
     </span>
    </p>
   </div>
   <div class='ocr_carea' id='block_1_8' title="bbox 0 0 1650 5259">
    <p class='ocr_par' dir='ltr' id='par_1_12' title="bbox 0 0 1650 5259">
     <span class='ocr_line' id='line_1_36' title="bbox 0 0 1650 5259; baseline 0 0"><span class='ocrx_word' id='word_1_271' title='bbox 0 0 1650 5259; x_wconf 95' lang='lat' dir='ltr'> </span> 
     </span>
    </p>
   </div>
  </div>
 </body>
</html>
