3292 5259
728 362 731 367 ¹
773 371 829 408 100

218 533 380 596 senatum
407 524 536 595 deberi
558 525 693 610 nolunt,
724 547 832 617 esque
858 549 904 610 ee,
935 532 977 594 eet
997 533 1134 616 perum
1155 523 1339 618 diligentes
1357 523 1396 593 r'n

114 659 118 664 ’
219 649 397 744 republica
424 644 647 719 remeantur?
682 644 714 741 ι)
754 645 918 718 Ciceroni
946 661 1024 718 erat
1058 645 1091 716 in
1110 645 1214 732 votiS,
1237 661 1274 716 ut
1293 645 1397 716 Pom·

219 772 320 868 peius
346 771 553 868 potissimus
580 797 661 842 cum
687 770 838 867 imperio
864 770 899 841 in
927 769 1080 843 Parthos
1101 768 1394 865 proficisceretur,

219 921 438 993 quamquam
462 920 534 967 non
558 896 635 968 sine
663 920 771 968 causa
797 896 1002 983 verebatur,
1033 919 1078 967 ne
1104 909 1252 992 propter
1280 918 1396 965 rerum

220 1020 434 1092 urbanarum
469 1036 602 1093 statum
637 1037 783 1093 senatus
808 1046 891 1092 eum
917 1020 1099 1092 dimittere
1126 1017 1244 1090 nollet.
1278 1020 1313 1113 2)
1359 1018 1396 1089 In

219 1145 401 1238 provincia
428 1145 475 1218 de
502 1145 653 1242 Pompei
679 1146 837 1218 adventu
865 1170 987 1217 rumor
1016 1143 1230 1242 percrebuit.
1267 1143 1321 1215 Cf.
1350 1142 1398 1214 ad

220 1269 295 1340 Att.
328 1270 386 1341 Vl.
423 1294 434 1341 1
469 1273 492 1365 ξ
522 1294 553 1362 3.
571 1300 577 1342 :
610 1273 823 1367 »Pompeius
841 1281 958 1343 aretem
972 1297 1053 1343 cern
1067 1271 1107 1342 eb
1124 1279 1255 1342 celeres
1269 1294 1398 1340 cereses

213 1396 301 1488 ples
329 1403 447 1488 petest
476 1420 573 1468 unus
600 1420 706 1491 quem
733 1397 841 1467 eeteee'
864 1420 992 1479 omnes,
1024 1403 1103 1466 tere
1131 1395 1226 1489 peeee'
1239 1403 1399 1488 pretatur

220 1518 272 1589 (ια’
291 1518 417 1590 bellum
444 1520 660 1591 Parthicum
684 1546 757 1591 esse
784 1516 989 1591 verztueres.’'
1018 1518 1066 1590 Et
1094 1518 1172 1614 ipse.
1197 1518 1288 1589 hanc
1307 1506 1398 1588 ¹rem

220 1638 346 1713 sedulo
369 1642 528 1736 agitasse
549 1642 699 1730 videtur,
717 1642 1024 1740 quemadmodum
1041 1658 1145 1739 patet
1159 1667 1206 1714 ex
1221 1668 1282 1729 e0,
1300 1643 1397 1740 quod

220 1789 286 1860 per
325 1763 460 1838 litteras
495 1766 659 1839 Ciceroni
700 1793 804 1839 suum
846 1767 922 1841 sore
966 1767 1171 1840 Parthicum
1213 1766 1398 1862 negotium

220 1887 448 1983 significavit,
492 1893 529 1985 3)
575 1891 641 1963 sed
680 1891 799 1963 dicere
842 1892 902 1964 vix
941 1918 1033 1988 opus
1070 1908 1126 1965 est
1171 1917 1398 1990 nequaquam

221 2014 432 2109 Pompeium
471 2015 519 2086 ab
534 2016 633 2088 ,urbe
666 2015 766 2088 abire
802 2016 974 2111 potuisse,
1012 2016 1075 2088 nisi
1110 2017 1207 2111 prius
1240 2015 1287 2089 ad
1324 2016 1399 2087 eius

220 2136 441 2210 voluntatem
470 2136 588 2212 soluta
619 2156 717 2212 esset
744 2141 988 2213 controversia
1015 2140 1062 2212 de
1089 2138 1287 2213 Galliarum
1319 2165 1398 2236 pro-

220 2262 414 2334 vinciarum
444 2262 680 2351 successione,
715 2263 761 2336 de
789 2290 863 2361 qua
888 2264 971 2336 novi
997 2262 1163 2337 consules
1188 2262 1269 2336 Kal.
1306 2265 1398 2340 utar-

221 2386 277 2457 tiis
319 2388 357 2479 4)
399 2385 531 2459 referre
573 2387 756 2460 debebant
795 2389 843 2461 ad
878 2405 1053 2460 senatum.
1086 2388 1214 2485 Neque
1248 2388 1282 2459 id
1309 2387 1399 2482 sugit

222 2510 444 2597 Ciceronem,
480 2512 540 2608 qui
572 2512 678 2585 anxia
704 2529 824 2586 mente
852 2513 955 2585 huius
981 2513 1051 2586 diei
1085 2512 1219 2585 exitum
1252 2538 1398 2608 exspec-

222 2635 331 2706 tabat.
378 2635 431 2707 Cf.
474 2635 522 2707 ad
558 2636 635 2708 Art.
673 2637 717 2709 V.
752 2661 810 2710 20.
847 2659 901 2728 7.:
943 2639 1030 2710 ›seu'
1058 2648 1110 2709 est
1136 2646 1245 2709 retem
1283 2639 1321 2709 rie
1349 2663 1394 2723 ee,

115 2767 118 2772 ’
220 2761 314 2855 pund
346 2761 526 2833 Kalendis
564 2762 723 2834 Meeties
753 2762 935 2858 futurum
975 2772 1041 2846 est,
1074 2788 1196 2834 vereor
1220 2763 1313 2834 emite
1342 2787 1395 2848 ree,

221 2910 299 2955 eure
340 2884 382 2955 a’e
409 2886 602 2979 provenerit
642 2894 781 2982 egetur,
825 2887 863 2956 se'
889 2886 1027 2958 Caesar
1053 2887 1198 2971 resistet,
1230 2912 1293 2957 nes
1317 2886 1398 2956 eeti-

221 3004 406 3079 reeemur.”
452 3007 538 3101 Quo
568 3009 715 3104 propius
750 3007 884 3082 seilicet
911 3010 989 3082 dies
1017 3010 1237 3082 decessionis
1270 3034 1398 3106 appro-

222 3131 427 3227 pinquabat,
457 3157 503 3204 eo
531 3132 648 3228 magis
673 3158 811 3230 angore
840 3150 878 3206 et
906 3133 1141 3207 sollicitudine
1165 3133 1395 3220 afficiebatur,

221 3279 266 3325 ne
302 3253 488 3348 imperium
525 3255 592 3327 sibi
627 3274 896 3354 prorogaretur,
945 3257 1159 3354 praesertim
1189 3258 1247 3329 ubi
1281 3257 1398 3330 resciit

222 3376 341 3448 denuo
379 3373 511 3449 bellum
552 3404 575 3450 a
599 3379 738 3452 Parthis
775 3382 971 3455 imminere.
1006 3385 1043 3478 5)
1075 3383 1199 3480 Itaque
1227 3381 1321 3454 nulla
1356 3407 1397 3453 se

222 3500 335 3572 dabat
362 3502 514 3592 occasio,
545 3504 629 3600 quin
656 3505 890 3580 vehementer
918 3507 1053 3580 amicos
1081 3522 1230 3604 rogaret
1243 3523 1280 3578 et
1295 3506 1396 3578 obse-

224 3638 349 3710 craret,
379 3639 418 3696 ut
445 3627 609 3700 omnibus
636 3629 770 3701 viribus
799 3631 1004 3720 niterentur,
1036 3657 1080 3704 ne
1109 3632 1194 3729 quid
1225 3631 1398 3728 temporis

224 3745 270 3817 ad
298 3771 400 3817 suam
426 3750 645 3843 provinciam
671 3752 874 3826 adderetur.

280 3867 390 3960 Quod
416 3869 462 3941 ad
491 3897 623 3945 novum
655 3876 857 3949 Parthicum
881 3876 1013 3951 bellum
1034 3879 1172 3968 attinet,
1191 3881 1261 3952 iam
1277 3905 1400 3951 mense
1481 3933 1485 3943 .

226 3991 423 4063 Novembri
465 3996 546 4066 anni
574 4018 616 4088 51
660 4025 740 4072 cum
773 4001 890 4074 adhuc
923 4018 1042 4077 castra
1070 4004 1118 4076 ad
1153 4005 1400 4076 Pindenissum

225 4155 234 4162 ι
240 4155 412 4163 ...ι-ι...-

267 4223 289 4279 1)
309 4219 418 4268 Exhibui
447 4228 550 4278 textum,
578 4220 642 4270 sicut
665 4222 760 4271 aViro
786 4223 933 4272 Clarissimo
953 4225 1100 4289 PIuygersio
1119 4226 1244 4275 restitutus
1263 4233 1306 4274 cst.
1326 4225 1401 4286 (Vide

229 4307 325 4361 Mnem,
344 4309 395 4358 vol.
415 4309 464 4358 IX.
484 4324 541 4372 pag.
565 4306 635 4377 118.)

268 4399 294 4450 2)
315 4396 353 4444 Cf.
373 4397 406 4445 ad
425 4399 476 4447 Att.
497 4398 527 4449 V.
550 4396 589 4449 18.
613 4409 634 4450 1,

267 4498 292 4547 3)
311 4484 349 4535 Cf.
371 4487 403 4534 ad
422 4487 474 4537 Att.
497 4487 539 4533 VI.
562 4499 582 4536 t.
607 4498 645 4547 14·

265 4579 291 4635 4)
311 4574 349 4623 Cf.
368 4575 402 4623 ad
421 4575 490 4628 Fam,
511 4575 586 4623 VIII.
607 4572 631 4626 8.
651 4585 674 4636 5.

270 4667 294 4725 5)
313 4663 351 4713 Cf.
371 4664 404 4711 ad
422 4665 473 4712 mr.
494 4663 525 4714 V.
547 4675 588 4716 21,
610 4675 634 4724 3.
