3292 5259
922 331 960 391 50

353 504 519 588 spectare
545 502 751 586 coeperunt.
791 487 1025 583 Quapropter
1049 482 1164 555 minus
1188 479 1420 553 commodum
1437 477 1517 549 exis·

354 616 483 689 timans
498 613 716 711 longinquae
730 608 969 707 expeditionis
983 606 1186 679 discrimina
1199 619 1338 678 tentare
1353 602 1519 682 Antonius

355 766 431 835 non
454 737 545 811 ultra
570 738 719 811 Araxen
746 736 879 807 flumen
904 757 1118 830 progressus
1145 745 1202 803 est
1229 755 1272 802 ac
1297 728 1384 801 satis
1408 726 1521 799 habuit

352 865 531 937 societate
550 887 630 934 cum
650 858 858 933 Artavasde
877 883 966 954 rege
985 855 1178 928 Medorum
1203 852 1413 926 confirmata
1437 876 1520 923 nova

355 988 423 1061 sibi
451 1012 579 1083 parare
606 985 784 1084 equitatus
812 981 972 1056 subsidia
986 981 1033 1054 ad
1047 977 1190 1067 bellum,
1212 977 1406 1077 quodcum
1425 974 1521 1048 Octa·

356 1112 462 1185 viano
490 1126 569 1185 erat
593 1124 770 1206 gesturus.
801 1111 833 1204 1)
864 1109 989 1206 ltaque
1014 1120 1122 1203 pacto
1147 1104 1238 1177 inter
1263 1128 1328 1176 eos
1354 1101 1519 1184 convenit,

357 1253 396 1309 ut
430 1236 609 1309 Antonius
642 1235 756 1307 Medo
785 1248 910 1306 contra
934 1230 1096 1318 Parthos,
1130 1228 1261 1301 Medus
1285 1225 1447 1299 Antonio
1471 1225 1521 1297 ad-

356 1384 480 1433 versus
509 1360 706 1433 Caesarem
733 1355 864 1431 auxilia
889 1357 1114 1454 praeberent,
1143 1368 1182 1426 ut
1209 1352 1365 1426 Romani
1392 1366 1521 1447 partem

357 1483 553 1556 Armeniae
593 1482 779 1556 traderent
803 1480 1010 1568 Artavasdi‚
1037 1479 1093 1552 hic
1119 1495 1240 1552 autem
1268 1477 1440 1550 redderet
1464 1475 1523 1572 sig·

358 1631 405 1679 na
442 1604 605 1679 militaria
632 1632 727 1705 quae
755 1603 858 1679 clade
884 1604 1036 1677 Statiani
1069 1607 1104 1700 2)
1135 1603 1275 1677 fuerant
1299 1601 1445 1689 amissa,
1473 1600 1520 1672 de·

358 1731 466 1829 nique
507 1746 545 1804 ut
586 1757 651 1804 rex
691 1732 841 1827 lotapen
875 1729 982 1803 filiam
1007 1756 1120 1817 suam,
1169 1729 1299 1825 pignus
1345 1726 1522 1810 amicitiae,

358 1854 569 1929 Alexandro
597 1856 745 1929 Antonii
772 1855 845 1929 lilio
870 1853 1063 1930 collocaret
1090 1854 1123 1927 in
1150 1853 1428 1927 matrimonium.
1469 1850 1525 1923 His

359 1981 467 2054 rebus
502 1981 703 2055 constitutis
737 1981 934 2055 Armeniae
969 1979 1170 2055 aPhra'ate
1198 1977 1279 2052 nibil
1305 1976 1452 2075 periculi
1476 1976 1526 2047 im·

359 2105 520 2201 pendere
548 2106 706 2180 iudicans
726 2106 906 2179 Antonius
925 2106 960 2178 in
978 2105 1114 2178 Ioniam
1128 2104 1347 2201 properavit,
1369 2123 1412 2177 ut
1425 2118 1526 2176 totum

309 2264 311 2267 ·
360 2255 401 2302 se
429 2230 607 2305 conferret
633 2230 679 2303 ad
705 2228 838 2303 bellum
858 2245 983 2303 contra
1008 2230 1205 2303 Caesarem
1223 2229 1438 2325 parandum.
1465 2223 1528 2299 Sed

361 2354 483 2450 opinio
512 2380 595 2427 eum
624 2351 754 2427 [esellit.
785 2354 888 2427 Initio
915 2354 1062 2452 quidem
1088 2354 1261 2427 Phraates
1286 2379 1367 2426 cum
1396 2380 1421 2427 a
1452 2351 1527 2425 ‘liri-

362 2478 458 2567 date,
498 2494 574 2550 tum
601 2504 623 2551 a
647 2466 766 2551 Medis
804 2479 993 2567 districtus
1029 2477 1112 2551 nihil
1140 2480 1323 2579 movebat,
1351 2506 1421 2553 nec
1448 2478 1526 2577 quic·
1588 2528 1590 2566 i

363 2628 472 2699 quam
510 2604 557 2675 ad
590 2604 780 2690 Artaxiam
810 2604 844 2675 in
872 2630 1025 2701 regnum
1058 2620 1247 2701 paternum
1280 2604 1527 2679 restituendum

362 2751 474 2823 agere
516 2726 680 2817 'valebat3
721 2744 916 2825 postquam
954 2754 1043 2802 vero
1076 2729 1255 2802 Antonius
1281 2728 1316 2801 in
1344 2731 1453 2803 rebus
1479 2753 1527 2824 ge·

362 2850 482 2923 tendis
510 2850 625 2923 minus
639 2876 815 2948 prospera
829 2852 970 2928 fortuna
985 2880 1079 2942 usus
1111 2855 1234 2951 copias
1249 2881 1332 2928 suas
1356 2882 1406 2929 ex
1420 2854 1529 2928 Media

363 2977 555 3065 revocavit,
592 3002 658 3051 nec
684 2995 806 3052 tamen
833 2979 989 3053 reddidit
1014 2977 1155 3068 auxilia,
1191 3005 1285 3079 quae
1313 2980 1392 3077 ipse
1420 2996 1530 3053 mutua

364 3117 564 3197 acceperat,
593 3126 710 3175 rerum
737 3118 851 3175 status
878 3128 1025 3199 prorsus
1044 3120 1200 3177 mutatus
1217 3119 1283 3177 est.
1314 3105 1376 3177 Ab
1396 3131 1443 3179 eo
1461 3103 1530 3176 inde

364 3239 528 3317 tempore
557 3223 783 3297 Artavasdes
812 3250 883 3297 non
909 3224 1061 3322 amplius
1088 3226 1161 3298 vim
1186 3226 1342 3299 hostium
1367 3229 1530 3301 sustinere

363 3362 523 3443 poterat3
553 3346 691 3442 proelio
714 3365 903 3445 superatus
926 3351 1003 3446 ipse
1025 3367 1151 3447 captus
1172 3368 1228 3425 est
1248 3367 1285 3424 et
1298 3353 1425 3427 Media
1439 3350 1532 3425 cessit
1588 3433 1589 3436 Ἴ

364 3471 398 3541 in
417 3486 637 3566 potestatem
656 3473 810 3546 victoris.
832 3474 1043 3547 Armeniam
1058 3501 1204 3574 quoque
1225 3478 1398 3553 Phraates
1417 3477 1533 3552 invasit
1588 3555 1590 3578 Ι

365 3619 519 3691 eamque
547 3612 797 3692 recuperatam
825 3598 980 3670 reddidit
1005 3600 1083 3696 regi
1097 3599 1260 3697 legitimo
1275 3604 1462 3693 Artaxiae,
1482 3599 1531 3699 qui
1588 3693 1589 3698 ἵ

365 3743 518 3815 regnum
545 3746 647 3792 suum
674 3722 883 3818 auspicatus.
903 3739 959 3795 est
972 3723 1086 3795 caede
1105 3724 1265 3797 omnium
1282 3726 1530 3807 Romanorum,

366 3842 426 3940 qui
462 3842 510 3915 ibi
544 3843 668 3941 reliqui
701 3862 812 3919 erant.
855 3847 937 3919 Rex
962 3848 1155 3921 Medorum
1182 3851 1403 3949 nescioquo
1431 3848 1532 3923 modo

366 3967 401 4038 in
436 3965 638 4040 libertatem
672 3971 855 4044 restitutus
884 3997 977 4045 anno
1009 3996 1058 4065 30
1086 3973 1134 4045 ad
1159 3974 1357 4049 Caesarem
1384 3974 1533 4070 confugit

367 4106 404 4163 et
432 4092 479 4162 ab
507 4116 553 4163 eo
581 4092 794 4189 impetravit,
827 4112 865 4167 ut
891 4094 961 4167 filia
989 4097 1124 4193 lotape,
1155 4124 1264 4195 quam
1291 4117 1375 4174 ante
1395 4096 1533 4173 Antonii

367 4213 438 4287 filio
467 4216 760 4310 desponsaverat,
791 4221 858 4293 sibi
885 4221 1105 4294 redderetur.
1165 4224 1215 4295 Cf
1236 4224 1309 4297 Dio
1336 4202 1393 4298 LI.
1429 4232 1484 4297 16.

420 4340 495 4411 lam
536 4340 690 4435 primum
725 4345 932 4441 negandum
969 4371 1039 4417 non
1086 4363 1152 4435 est,
1198 4347 1278 4420 huic
1305 4375 1422 4421 rerum
1450 4347 1531 4422 ordi-

407 4546 429 4603 1)
447 4542 511 4592 Plut.
530 4544 590 4591 Ant
610 4541 692 4599 L111;
711 4539 763 4587 Dio
782 4540 877 4588 XLIX.
896 4555 939 4601 44.

405 4628 431 4697 2)
450 4630 516 4678 Vide
535 4628 716 4679 dissertationis
735 4644 791 4693 pag.
812 4627 855 4689 46.
