<?xml version="1.0" encoding="UTF-8"?>
<!DOCTYPE html PUBLIC "-//W3C//DTD XHTML 1.0 Transitional//EN"
    "http://www.w3.org/TR/xhtml1/DTD/xhtml1-transitional.dtd">
<html xmlns="http://www.w3.org/1999/xhtml" xml:lang="en" lang="en">
 <head>
  <title>
</title>
<meta http-equiv="Content-Type" content="text/html;charset=utf-8" />
  <meta name='ocr-system' content='tesseract 3.04.00' />
  <meta name='ocr-capabilities' content='ocr_page ocr_carea ocr_par ocr_line ocrx_word'/>
</head>
<body>
  <div class='ocr_page' id='page_1' title='image "./quaestionespart00fenngoog_0095.png"; bbox 0 0 3292 5259; ppageno 0'>
   <div class='ocr_carea' id='block_1_1' title="bbox 753 318 790 376">
    <p class='ocr_par' dir='ltr' id='par_1_1' title="bbox 753 318 790 376">
     <span class='ocr_line' id='line_1_1' title="bbox 753 318 790 376; baseline 0.027 -1"><span class='ocrx_word' id='word_1_1' title='bbox 753 318 790 376; x_wconf 82' lang='lat'>79</span> 
     </span>
    </p>
   </div>
   <div class='ocr_carea' id='block_1_2' title="bbox 116 469 1440 4064">
    <p class='ocr_par' dir='ltr' id='par_1_2' title="bbox 154 469 1436 2574">
     <span class='ocr_line' id='line_1_2' title="bbox 184 469 1365 571; baseline 0.004 -28"><span class='ocrx_word' id='word_1_2' title='bbox 184 487 223 543; x_wconf 91' lang='lat' dir='ltr'>et</span> <span class='ocrx_word' id='word_1_3' title='bbox 264 496 392 544; x_wconf 88' lang='lat' dir='ltr'>verum</span> <span class='ocrx_word' id='word_1_4' title='bbox 431 471 607 545; x_wconf 87' lang='lat' dir='ltr'>adventus</span> <span class='ocrx_word' id='word_1_5' title='bbox 648 469 843 560; x_wconf 88' lang='lat' dir='ltr'>consilium,</span> <span class='ocrx_word' id='word_1_6' title='bbox 878 473 945 546; x_wconf 92' lang='lat' dir='ltr'>sed</span> <span class='ocrx_word' id='word_1_7' title='bbox 973 473 1212 571; x_wconf 84' lang='lat' dir='ltr'>nequicquam</span> <span class='ocrx_word' id='word_1_8' title='bbox 1237 475 1365 548; x_wconf 87' lang='lat' dir='ltr'>surdas</span> 
     </span>
     <span class='ocr_line' id='line_1_3' title="bbox 185 594 1365 697; baseline 0.003 -29"><span class='ocrx_word' id='word_1_9' title='bbox 185 596 366 692; x_wconf 84' lang='lat' dir='ltr'>fatigabat</span> <span class='ocrx_word' id='word_1_10' title='bbox 406 621 521 684; x_wconf 76' lang='lat' dir='ltr'>aureS,</span> <span class='ocrx_word' id='word_1_11' title='bbox 552 612 589 670; x_wconf 89' lang='lat' dir='ltr'>et</span> <span class='ocrx_word' id='word_1_12' title='bbox 615 594 697 668; x_wconf 90' lang='lat' dir='ltr'>nihil</span> <span class='ocrx_word' id='word_1_13' title='bbox 723 597 757 670; x_wconf 93' lang='lat' dir='ltr'>ei</span> <span class='ocrx_word' id='word_1_14' title='bbox 784 613 863 670; x_wconf 92' lang='lat' dir='ltr'>erat</span> <span class='ocrx_word' id='word_1_15' title='bbox 890 596 1074 697; x_wconf 90' lang='lat' dir='ltr'>reliquum,</span> <span class='ocrx_word' id='word_1_16' title='bbox 1104 598 1168 671; x_wconf 89' lang='lat' dir='ltr'>nisi</span> <span class='ocrx_word' id='word_1_17' title='bbox 1199 615 1237 673; x_wconf 90' lang='lat' dir='ltr'>ut</span> <span class='ocrx_word' id='word_1_18' title='bbox 1269 625 1365 674; x_wconf 90' lang='lat' dir='ltr'>acer·</span> 
     </span>
     <span class='ocr_line' id='line_1_4' title="bbox 184 701 1436 821; baseline 0.004 -30"><span class='ocrx_word' id='word_1_19' title='bbox 184 701 1436 821; x_wconf 48' lang='lat' dir='ltr'>mmmmfflmoemffimmfflmmwmmwr·</span> 
     </span>
     <span class='ocr_line' id='line_1_5' title="bbox 185 836 1361 944; baseline 0 -25"><span class='ocrx_word' id='word_1_20' title='bbox 185 871 297 919; x_wconf 91' lang='lat' dir='ltr'>nemo</span> <span class='ocrx_word' id='word_1_21' title='bbox 310 843 390 942; x_wconf 89' lang='lat' dir='ltr'>plus</span> <span class='ocrx_word' id='word_1_22' title='bbox 405 844 553 918; x_wconf 92' lang='lat' dir='ltr'>contulit</span> <span class='ocrx_word' id='word_1_23' title='bbox 566 836 614 918; x_wconf 93' lang='lat' dir='ltr'>ad</span> <span class='ocrx_word' id='word_1_24' title='bbox 628 847 776 920; x_wconf 86' lang='lat' dir='ltr'>exitium</span> <span class='ocrx_word' id='word_1_25' title='bbox 790 847 946 921; x_wconf 92' lang='lat' dir='ltr'>Romani</span> <span class='ocrx_word' id='word_1_26' title='bbox 960 847 1138 922; x_wconf 88' lang='lat' dir='ltr'>exercitus</span> <span class='ocrx_word' id='word_1_27' title='bbox 1150 847 1361 944; x_wconf 91' lang='lat' dir='ltr'>parandum.</span> 
     </span>
     <span class='ocr_line' id='line_1_6' title="bbox 184 970 1365 1066; baseline 0.002 -24"><span class='ocrx_word' id='word_1_28' title='bbox 184 970 292 1044; x_wconf 89' lang='lat' dir='ltr'>Brevi</span> <span class='ocrx_word' id='word_1_29' title='bbox 321 986 404 1043; x_wconf 92' lang='lat' dir='ltr'>ante</span> <span class='ocrx_word' id='word_1_30' title='bbox 431 994 603 1066; x_wconf 83' lang='lat' dir='ltr'>pugnam,</span> <span class='ocrx_word' id='word_1_31' title='bbox 635 986 673 1043; x_wconf 94' lang='lat' dir='ltr'>ut</span> <span class='ocrx_word' id='word_1_32' title='bbox 697 970 911 1044; x_wconf 81' lang='lat' dir='ltr'>Parthorum</span> <span class='ocrx_word' id='word_1_33' title='bbox 938 971 1114 1045; x_wconf 89' lang='lat' dir='ltr'>adventus</span> <span class='ocrx_word' id='word_1_34' title='bbox 1142 972 1365 1045; x_wconf 87' lang='lat' dir='ltr'>renunciatus</span> 
     </span>
     <span class='ocr_line' id='line_1_7' title="bbox 185 1091 1367 1201; baseline 0.005 -35"><span class='ocrx_word' id='word_1_35' title='bbox 185 1110 255 1182; x_wconf 91' lang='lat' dir='ltr'>est,</span> <span class='ocrx_word' id='word_1_36' title='bbox 301 1093 453 1167; x_wconf 83' lang='lat' dir='ltr'>Crassus</span> <span class='ocrx_word' id='word_1_37' title='bbox 497 1091 626 1167; x_wconf 86' lang='lat' dir='ltr'>milites</span> <span class='ocrx_word' id='word_1_38' title='bbox 654 1095 821 1169; x_wconf 89' lang='lat' dir='ltr'>consertis</span> <span class='ocrx_word' id='word_1_39' title='bbox 849 1097 1031 1201; x_wconf 83' lang='lat' dir='ltr'>ordinibus</span> <span class='ocrx_word' id='word_1_40' title='bbox 1057 1097 1223 1171; x_wconf 89' lang='lat' dir='ltr'>incedere</span> <span class='ocrx_word' id='word_1_41' title='bbox 1252 1099 1367 1172; x_wconf 90' lang='lat' dir='ltr'>iussos</span> 
     </span>
     <span class='ocr_line' id='line_1_8' title="bbox 185 1207 1363 1320; baseline 0.003 -29"><span class='ocrx_word' id='word_1_42' title='bbox 185 1216 347 1314; x_wconf 90' lang='lat' dir='ltr'>periculo</span> <span class='ocrx_word' id='word_1_43' title='bbox 386 1208 528 1306; x_wconf 86' lang='lat' dir='ltr'>obiecit,</span> <span class='ocrx_word' id='word_1_44' title='bbox 577 1245 623 1292; x_wconf 89' lang='lat' dir='ltr'>ne</span> <span class='ocrx_word' id='word_1_45' title='bbox 663 1221 818 1319; x_wconf 92' lang='lat' dir='ltr'>undique</span> <span class='ocrx_word' id='word_1_46' title='bbox 865 1207 1176 1308; x_wconf 80' lang='lat' dir='ltr'>circumdarentur,</span> <span class='ocrx_word' id='word_1_47' title='bbox 1216 1247 1363 1320; x_wconf 89' lang='lat' dir='ltr'>eosque,</span> 
     </span>
     <span class='ocr_line' id='line_1_9' title="bbox 188 1340 1367 1452; baseline 0.004 -39"><span class='ocrx_word' id='word_1_48' title='bbox 188 1343 355 1439; x_wconf 92' lang='lat' dir='ltr'>quamvis</span> <span class='ocrx_word' id='word_1_49' title='bbox 383 1340 495 1452; x_wconf 93' lang='lat' dir='ltr'>longo</span> <span class='ocrx_word' id='word_1_50' title='bbox 524 1343 648 1418; x_wconf 91' lang='lat' dir='ltr'>itinere</span> <span class='ocrx_word' id='word_1_51' title='bbox 676 1345 869 1434; x_wconf 67' lang='lat' dir='ltr'>conlectos</span> <span class='ocrx_word' id='word_1_52' title='bbox 901 1345 1010 1419; x_wconf 92' lang='lat' dir='ltr'>citato</span> <span class='ocrx_word' id='word_1_53' title='bbox 1029 1346 1145 1441; x_wconf 88' lang='lat' dir='ltr'>gradu</span> <span class='ocrx_word' id='word_1_54' title='bbox 1164 1344 1257 1418; x_wconf 89' lang='lat' dir='ltr'>hosti</span> <span class='ocrx_word' id='word_1_55' title='bbox 1272 1347 1367 1418; x_wconf 91' lang='lat' dir='ltr'>misit</span> 
     </span>
     <span class='ocr_line' id='line_1_10' title="bbox 188 1468 1365 1568; baseline 0.002 -28"><span class='ocrx_word' id='word_1_56' title='bbox 188 1468 348 1555; x_wconf 87' lang='lat' dir='ltr'>obviam,</span> <span class='ocrx_word' id='word_1_57' title='bbox 380 1468 509 1540; x_wconf 89' lang='lat' dir='ltr'>Cassio</span> <span class='ocrx_word' id='word_1_58' title='bbox 529 1468 719 1567; x_wconf 91' lang='lat' dir='ltr'>multisque</span> <span class='ocrx_word' id='word_1_59' title='bbox 737 1469 814 1543; x_wconf 89' lang='lat' dir='ltr'>aliis</span> <span class='ocrx_word' id='word_1_60' title='bbox 829 1470 1070 1558; x_wconf 68' lang='lat' dir='ltr'>renitentibus</span> <span class='ocrx_word' id='word_1_61' title='bbox 1099 1470 1169 1568; x_wconf 93' lang='lat' dir='ltr'>qui,</span> <span class='ocrx_word' id='word_1_62' title='bbox 1205 1486 1243 1542; x_wconf 94' lang='lat' dir='ltr'>ut</span> <span class='ocrx_word' id='word_1_63' title='bbox 1258 1496 1365 1542; x_wconf 91' lang='lat' dir='ltr'>unum</span> 
     </span>
     <span class='ocr_line' id='line_1_11' title="bbox 187 1590 1368 1690; baseline 0.005 -28"><span class='ocrx_word' id='word_1_64' title='bbox 187 1591 287 1662; x_wconf 93' lang='lat' dir='ltr'>diem</span> <span class='ocrx_word' id='word_1_65' title='bbox 315 1591 362 1663; x_wconf 90' lang='lat' dir='ltr'>ad</span> <span class='ocrx_word' id='word_1_66' title='bbox 388 1590 516 1664; x_wconf 86' lang='lat' dir='ltr'>milites</span> <span class='ocrx_word' id='word_1_67' title='bbox 554 1592 764 1666; x_wconf 87' lang='lat' dir='ltr'>reficiendos</span> <span class='ocrx_word' id='word_1_68' title='bbox 789 1595 1024 1690; x_wconf 81' lang='lat' dir='ltr'>opperiretur,</span> <span class='ocrx_word' id='word_1_69' title='bbox 1053 1611 1249 1669; x_wconf 89' lang='lat' dir='ltr'>suaserant.</span> <span class='ocrx_word' id='word_1_70' title='bbox 1280 1597 1368 1669; x_wconf 90' lang='lat' dir='ltr'>Post</span> 
     </span>
     <span class='ocr_line' id='line_1_12' title="bbox 186 1715 1368 1817; baseline 0.005 -31"><span class='ocrx_word' id='word_1_71' title='bbox 186 1715 330 1787; x_wconf 85' lang='lat' dir='ltr'>cladem</span> <span class='ocrx_word' id='word_1_72' title='bbox 357 1731 558 1812; x_wconf 90' lang='lat' dir='ltr'>acceptam,</span> <span class='ocrx_word' id='word_1_73' title='bbox 580 1744 690 1815; x_wconf 91' lang='lat' dir='ltr'>quum</span> <span class='ocrx_word' id='word_1_74' title='bbox 705 1743 831 1791; x_wconf 93' lang='lat' dir='ltr'>omnes</span> <span class='ocrx_word' id='word_1_75' title='bbox 846 1719 919 1792; x_wconf 88' lang='lat' dir='ltr'>lere</span> <span class='ocrx_word' id='word_1_76' title='bbox 938 1719 1072 1793; x_wconf 90' lang='lat' dir='ltr'>consilii</span> <span class='ocrx_word' id='word_1_77' title='bbox 1090 1721 1216 1817; x_wconf 87' lang='lat' dir='ltr'>inopes</span> <span class='ocrx_word' id='word_1_78' title='bbox 1229 1721 1368 1793; x_wconf 90' lang='lat' dir='ltr'>animos</span> 
     </span>
     <span class='ocr_line' id='line_1_13' title="bbox 154 1839 1368 1940; baseline 0.002 -30"><span class='ocrx_word' id='word_1_79' title='bbox 154 1892 160 1902; x_wconf 74' lang='lat'>,</span> <span class='ocrx_word' id='word_1_80' title='bbox 188 1839 470 1934; x_wconf 80' lang='lat' dir='ltr'>desponderent,</span> <span class='ocrx_word' id='word_1_81' title='bbox 498 1856 536 1913; x_wconf 88' lang='lat' dir='ltr'>et</span> <span class='ocrx_word' id='word_1_82' title='bbox 561 1866 669 1914; x_wconf 91' lang='lat' dir='ltr'>nemo</span> <span class='ocrx_word' id='word_1_83' title='bbox 698 1843 815 1940; x_wconf 92' lang='lat' dir='ltr'>magis</span> <span class='ocrx_word' id='word_1_84' title='bbox 841 1869 950 1940; x_wconf 92' lang='lat' dir='ltr'>quam</span> <span class='ocrx_word' id='word_1_85' title='bbox 975 1844 1053 1940; x_wconf 91' lang='lat' dir='ltr'>ipse</span> <span class='ocrx_word' id='word_1_86' title='bbox 1081 1845 1286 1940; x_wconf 89' lang='lat' dir='ltr'>imperator,</span> <span class='ocrx_word' id='word_1_87' title='bbox 1309 1843 1368 1940; x_wconf 91' lang='lat' dir='ltr'>qui</span> 
     </span>
     <span class='ocr_line' id='line_1_14' title="bbox 188 1962 1370 2066; baseline 0.003 -30"><span class='ocrx_word' id='word_1_88' title='bbox 188 1964 308 2060; x_wconf 90' lang='lat' dir='ltr'>capite</span> <span class='ocrx_word' id='word_1_89' title='bbox 349 1962 523 2039; x_wconf 88' lang='lat' dir='ltr'>obvoluto</span> <span class='ocrx_word' id='word_1_90' title='bbox 566 1992 728 2039; x_wconf 90' lang='lat' dir='ltr'>seorsum</span> <span class='ocrx_word' id='word_1_91' title='bbox 758 1968 793 2039; x_wconf 94' lang='lat' dir='ltr'>in</span> <span class='ocrx_word' id='word_1_92' title='bbox 826 1968 983 2042; x_wconf 89' lang='lat' dir='ltr'>tenebris</span> <span class='ocrx_word' id='word_1_93' title='bbox 1008 1968 1158 2054; x_wconf 86' lang='lat' dir='ltr'>iacebat,</span> <span class='ocrx_word' id='word_1_94' title='bbox 1198 1985 1370 2066; x_wconf 87' lang='lat' dir='ltr'>quaestor</span> 
     </span>
     <span class='ocr_line' id='line_1_15' title="bbox 192 2089 1368 2187; baseline 0.006 -28"><span class='ocrx_word' id='word_1_95' title='bbox 192 2115 284 2160; x_wconf 92' lang='lat' dir='ltr'>unus</span> <span class='ocrx_word' id='word_1_96' title='bbox 311 2089 402 2162; x_wconf 90' lang='lat' dir='ltr'>inter</span> <span class='ocrx_word' id='word_1_97' title='bbox 428 2116 564 2186; x_wconf 92' lang='lat' dir='ltr'>paucos</span> <span class='ocrx_word' id='word_1_98' title='bbox 592 2118 695 2187; x_wconf 91' lang='lat' dir='ltr'>spem</span> <span class='ocrx_word' id='word_1_99' title='bbox 720 2093 878 2164; x_wconf 90' lang='lat' dir='ltr'>servavit</span> <span class='ocrx_word' id='word_1_100' title='bbox 905 2092 1037 2180; x_wconf 93' lang='lat' dir='ltr'>salutis,</span> <span class='ocrx_word' id='word_1_101' title='bbox 1061 2093 1200 2165; x_wconf 92' lang='lat' dir='ltr'>animos</span> <span class='ocrx_word' id='word_1_102' title='bbox 1215 2094 1368 2166; x_wconf 87' lang='lat' dir='ltr'>afflictos</span> 
     </span>
     <span class='ocr_line' id='line_1_16' title="bbox 187 2214 1388 2322; baseline 0 -35"><span class='ocrx_word' id='word_1_103' title='bbox 187 2214 391 2287; x_wconf 90' lang='lat' dir='ltr'>sublevavit</span> <span class='ocrx_word' id='word_1_104' title='bbox 418 2230 456 2287; x_wconf 88' lang='lat' dir='ltr'>et</span> <span class='ocrx_word' id='word_1_105' title='bbox 474 2214 705 2303; x_wconf 89' lang='lat' dir='ltr'>confirmavit,</span> <span class='ocrx_word' id='word_1_106' title='bbox 723 2231 769 2303; x_wconf 90' lang='lat' dir='ltr'>et,</span> <span class='ocrx_word' id='word_1_107' title='bbox 793 2216 927 2289; x_wconf 87' lang='lat' dir='ltr'>Crasso</span> <span class='ocrx_word' id='word_1_108' title='bbox 942 2215 1024 2288; x_wconf 92' lang='lat' dir='ltr'>nihil</span> <span class='ocrx_word' id='word_1_109' title='bbox 1039 2232 1183 2314; x_wconf 85' lang='lat' dir='ltr'>agente,</span> <span class='ocrx_word' id='word_1_110' title='bbox 1197 2217 1273 2312; x_wconf 91' lang='lat' dir='ltr'>ipse</span> <span class='ocrx_word' id='word_1_111' title='bbox 1288 2242 1369 2288; x_wconf 92' lang='lat' dir='ltr'>cum</span> <span class='ocrx_word' id='word_1_112' title='bbox 1385 2313 1388 2322; x_wconf 33' lang='grc' dir='ltr'>Ι</span> 
     </span>
     <span class='ocr_line' id='line_1_17' title="bbox 189 2338 1371 2438; baseline -0.002 -26"><span class='ocrx_word' id='word_1_113' title='bbox 189 2339 347 2412; x_wconf 90' lang='lat' dir='ltr'>Octavio</span> <span class='ocrx_word' id='word_1_114' title='bbox 375 2338 500 2436; x_wconf 86' lang='lat' dir='ltr'>legato</span> <span class='ocrx_word' id='word_1_115' title='bbox 528 2339 689 2412; x_wconf 91' lang='lat' dir='ltr'>tribunos</span> <span class='ocrx_word' id='word_1_116' title='bbox 717 2338 867 2410; x_wconf 92' lang='lat' dir='ltr'>militum</span> <span class='ocrx_word' id='word_1_117' title='bbox 895 2354 932 2411; x_wconf 94' lang='lat' dir='ltr'>et</span> <span class='ocrx_word' id='word_1_118' title='bbox 957 2339 1181 2412; x_wconf 89' lang='lat' dir='ltr'>centuriones</span> <span class='ocrx_word' id='word_1_119' title='bbox 1192 2340 1371 2438; x_wconf 47' lang='lat' dir='ltr'>‚adhibuit</span> 
     </span>
     <span class='ocr_line' id='line_1_18' title="bbox 192 2463 1368 2574; baseline -0.002 -38"><span class='ocrx_word' id='word_1_120' title='bbox 192 2466 227 2536; x_wconf 94' lang='lat' dir='ltr'>in</span> <span class='ocrx_word' id='word_1_121' title='bbox 255 2463 451 2547; x_wconf 85' lang='lat' dir='ltr'>consilium,</span> <span class='ocrx_word' id='word_1_122' title='bbox 472 2481 511 2537; x_wconf 90' lang='lat' dir='ltr'>ut</span> <span class='ocrx_word' id='word_1_123' title='bbox 530 2463 796 2548; x_wconf 87' lang='lat' dir='ltr'>deliberaretur,</span> <span class='ocrx_word' id='word_1_124' title='bbox 814 2464 984 2562; x_wconf 91' lang='lat' dir='ltr'>quidnam</span> <span class='ocrx_word' id='word_1_125' title='bbox 1000 2480 1097 2536; x_wconf 91' lang='lat' dir='ltr'>esset</span> <span class='ocrx_word' id='word_1_126' title='bbox 1110 2464 1303 2574; x_wconf 82' lang='lat' dir='ltr'>agendum.</span> <span class='ocrx_word' id='word_1_127' title='bbox 1333 2476 1368 2560; x_wconf 79' lang='grc' dir='ltr'>ι)</span> 
     </span>
    </p>

    <p class='ocr_par' dir='ltr' id='par_1_3' title="bbox 116 2586 1440 4064">
     <span class='ocr_line' id='line_1_19' title="bbox 246 2586 1370 2686; baseline -0.001 -26"><span class='ocrx_word' id='word_1_128' title='bbox 246 2589 323 2662; x_wconf 90' lang='lat' dir='ltr'>Tot</span> <span class='ocrx_word' id='word_1_129' title='bbox 349 2606 425 2662; x_wconf 91' lang='lat' dir='ltr'>tam</span> <span class='ocrx_word' id='word_1_130' title='bbox 451 2588 643 2686; x_wconf 89' lang='lat' dir='ltr'>praeclaris</span> <span class='ocrx_word' id='word_1_131' title='bbox 670 2589 807 2661; x_wconf 91' lang='lat' dir='ltr'>virtutis</span> <span class='ocrx_word' id='word_1_132' title='bbox 836 2614 877 2661; x_wconf 91' lang='lat' dir='ltr'>ac</span> <span class='ocrx_word' id='word_1_133' title='bbox 896 2586 1030 2661; x_wconf 90' lang='lat' dir='ltr'>consilii</span> <span class='ocrx_word' id='word_1_134' title='bbox 1057 2588 1282 2672; x_wconf 84' lang='lat' dir='ltr'>documentis</span> <span class='ocrx_word' id='word_1_135' title='bbox 1295 2587 1370 2660; x_wconf 87' lang='lat' dir='ltr'>fieri</span> 
     </span>
     <span class='ocr_line' id='line_1_20' title="bbox 116 2695 1372 2810; baseline 0 -25"><span class='ocrx_word' id='word_1_136' title='bbox 116 2695 1372 2810; x_wconf 45' lang='lat' dir='ltr'>&#39;mnmfflQQOmffimmmmmwww</span> 
     </span>
     <span class='ocr_line' id='line_1_21' title="bbox 191 2835 1370 2925; baseline -0.001 -16"><span class='ocrx_word' id='word_1_137' title='bbox 191 2836 387 2909; x_wconf 90' lang='lat' dir='ltr'>toritatem.</span> <span class='ocrx_word' id='word_1_138' title='bbox 443 2837 483 2910; x_wconf 89' lang='lat' dir='ltr'>Si</span> <span class='ocrx_word' id='word_1_139' title='bbox 526 2837 684 2910; x_wconf 88' lang='lat' dir='ltr'>Dionem</span> <span class='ocrx_word' id='word_1_140' title='bbox 726 2837 861 2925; x_wconf 84' lang='lat' dir='ltr'>audias,</span> <span class='ocrx_word' id='word_1_141' title='bbox 906 2835 1035 2909; x_wconf 91' lang='lat' dir='ltr'>milites</span> <span class='ocrx_word' id='word_1_142' title='bbox 1077 2836 1143 2909; x_wconf 91' lang='lat' dir='ltr'>hac</span> <span class='ocrx_word' id='word_1_143' title='bbox 1182 2838 1370 2910; x_wconf 90' lang='lat' dir='ltr'>occasione</span> 
     </span>
     <span class='ocr_line' id='line_1_22' title="bbox 191 2959 1371 3049; baseline -0.002 -17"><span class='ocrx_word' id='word_1_144' title='bbox 191 2986 376 3037; x_wconf 88' lang='lat' dir='ltr'>summam</span> <span class='ocrx_word' id='word_1_145' title='bbox 417 2986 535 3033; x_wconf 92' lang='lat' dir='ltr'>rerum</span> <span class='ocrx_word' id='word_1_146' title='bbox 570 2961 603 3034; x_wconf 90' lang='lat' dir='ltr'>ei</span> <span class='ocrx_word' id='word_1_147' title='bbox 638 2959 849 3049; x_wconf 89' lang='lat' dir='ltr'>detulerunt,</span> <span class='ocrx_word' id='word_1_148' title='bbox 879 2961 1013 3034; x_wconf 87' lang='lat' dir='ltr'>Crasso</span> <span class='ocrx_word' id='word_1_149' title='bbox 1041 2960 1272 3046; x_wconf 88' lang='lat' dir='ltr'>concedente,</span> <span class='ocrx_word' id='word_1_150' title='bbox 1306 2961 1371 3032; x_wconf 90' lang='lat' dir='ltr'>sed</span> 
     </span>
     <span class='ocr_line' id='line_1_23' title="bbox 192 3083 1373 3180; baseline -0.002 -24"><span class='ocrx_word' id='word_1_151' title='bbox 192 3085 380 3158; x_wconf 88' lang='lat' dir='ltr'>recusavit.</span> <span class='ocrx_word' id='word_1_152' title='bbox 416 3088 451 3180; x_wconf 92' lang='lat'>2)</span> <span class='ocrx_word' id='word_1_153' title='bbox 483 3083 551 3157; x_wconf 92' lang='lat' dir='ltr'>Vel</span> <span class='ocrx_word' id='word_1_154' title='bbox 580 3085 723 3158; x_wconf 91' lang='lat' dir='ltr'>hostem</span> <span class='ocrx_word' id='word_1_155' title='bbox 751 3085 846 3180; x_wconf 92' lang='lat' dir='ltr'>cepit</span> <span class='ocrx_word' id='word_1_156' title='bbox 860 3083 1050 3156; x_wconf 87' lang='lat' dir='ltr'>admiratio</span> <span class='ocrx_word' id='word_1_157' title='bbox 1075 3108 1193 3154; x_wconf 91' lang='lat' dir='ltr'>rerum</span> <span class='ocrx_word' id='word_1_158' title='bbox 1208 3109 1231 3156; x_wconf 93' lang='lat' dir='ltr'>a</span> <span class='ocrx_word' id='word_1_159' title='bbox 1245 3083 1373 3156; x_wconf 89' lang='lat' dir='ltr'>Cassio</span> 
     </span>
     <span class='ocr_line' id='line_1_24' title="bbox 194 3206 1370 3305; baseline -0.001 -25"><span class='ocrx_word' id='word_1_160' title='bbox 194 3210 390 3304; x_wconf 86' lang='lat' dir='ltr'>gestarum.</span> <span class='ocrx_word' id='word_1_161' title='bbox 438 3212 474 3304; x_wconf 78' lang='lat'>3)</span> <span class='ocrx_word' id='word_1_162' title='bbox 524 3209 699 3281; x_wconf 87' lang='lat' dir='ltr'>Maiorem</span> <span class='ocrx_word' id='word_1_163' title='bbox 729 3208 838 3280; x_wconf 90' lang='lat' dir='ltr'>etiam</span> <span class='ocrx_word' id='word_1_164' title='bbox 865 3206 1019 3305; x_wconf 87' lang='lat' dir='ltr'>gloriam</span> <span class='ocrx_word' id='word_1_165' title='bbox 1047 3207 1209 3304; x_wconf 88' lang='lat' dir='ltr'>adeptus·</span> <span class='ocrx_word' id='word_1_166' title='bbox 1226 3224 1282 3281; x_wconf 90' lang='lat' dir='ltr'>est</span> <span class='ocrx_word' id='word_1_167' title='bbox 1314 3233 1370 3295; x_wconf 89' lang='lat' dir='ltr'>e0,</span> 
     </span>
     <span class='ocr_line' id='line_1_25' title="bbox 194 3332 1371 3430; baseline 0 -26"><span class='ocrx_word' id='word_1_168' title='bbox 194 3333 295 3430; x_wconf 91' lang='lat' dir='ltr'>quod</span> <span class='ocrx_word' id='word_1_169' title='bbox 325 3333 360 3405; x_wconf 94' lang='lat' dir='ltr'>in</span> <span class='ocrx_word' id='word_1_170' title='bbox 384 3332 515 3407; x_wconf 91' lang='lat' dir='ltr'>misero</span> <span class='ocrx_word' id='word_1_171' title='bbox 543 3358 661 3405; x_wconf 91' lang='lat' dir='ltr'>rerum</span> <span class='ocrx_word' id='word_1_172' title='bbox 689 3348 794 3421; x_wconf 89' lang='lat' dir='ltr'>statu,</span> <span class='ocrx_word' id='word_1_173' title='bbox 837 3359 945 3430; x_wconf 91' lang='lat' dir='ltr'>quem</span> <span class='ocrx_word' id='word_1_174' title='bbox 972 3358 1081 3429; x_wconf 90' lang='lat' dir='ltr'>supra</span> <span class='ocrx_word' id='word_1_175' title='bbox 1109 3333 1371 3429; x_wconf 81' lang='lat' dir='ltr'>descripsimus,</span> 
     </span>
     <span class='ocr_line' id='line_1_26' title="bbox 196 3456 1370 3556; baseline -0.001 -26"><span class='ocrx_word' id='word_1_176' title='bbox 196 3458 340 3553; x_wconf 87' lang='lat' dir='ltr'>Syriam</span> <span class='ocrx_word' id='word_1_177' title='bbox 368 3459 588 3556; x_wconf 79' lang='lat' dir='ltr'>provinciam</span> <span class='ocrx_word' id='word_1_178' title='bbox 616 3459 759 3532; x_wconf 87' lang='lat' dir='ltr'>retinuit</span> <span class='ocrx_word' id='word_1_179' title='bbox 786 3459 821 3530; x_wconf 92' lang='lat' dir='ltr'>in</span> <span class='ocrx_word' id='word_1_180' title='bbox 846 3456 969 3556; x_wconf 89' lang='lat' dir='ltr'>populi</span> <span class='ocrx_word' id='word_1_181' title='bbox 997 3458 1153 3530; x_wconf 91' lang='lat' dir='ltr'>Romani</span> <span class='ocrx_word' id='word_1_182' title='bbox 1177 3472 1370 3552; x_wconf 87' lang='lat' dir='ltr'>potestate,</span> 
     </span>
     <span class='ocr_line' id='line_1_27' title="bbox 196 3580 1440 3681; baseline 0 -27"><span class='ocrx_word' id='word_1_183' title='bbox 196 3580 1440 3681; x_wconf 50' lang='lat' dir='ltr'>hmfflfflmwmmwffimmmmfflmmffl‘</span> 
     </span>
     <span class='ocr_line' id='line_1_28' title="bbox 198 3686 1373 3804; baseline 0.001 -26"><span class='ocrx_word' id='word_1_184' title='bbox 198 3706 269 3779; x_wconf 92' lang='lat' dir='ltr'>dio.</span> <span class='ocrx_word' id='word_1_185' title='bbox 327 3686 409 3803; x_wconf 81' lang='lat' dir='ltr'>lpse</span> <span class='ocrx_word' id='word_1_186' title='bbox 454 3708 550 3780; x_wconf 90' lang='lat' dir='ltr'>enim</span> <span class='ocrx_word' id='word_1_187' title='bbox 590 3708 625 3779; x_wconf 93' lang='lat' dir='ltr'>in</span> <span class='ocrx_word' id='word_1_188' title='bbox 666 3708 809 3804; x_wconf 88' lang='lat' dir='ltr'>Syriam</span> <span class='ocrx_word' id='word_1_189' title='bbox 851 3722 1016 3781; x_wconf 87' lang='lat' dir='ltr'>evaserat</span> <span class='ocrx_word' id='word_1_190' title='bbox 1052 3732 1133 3777; x_wconf 93' lang='lat' dir='ltr'>cum</span> <span class='ocrx_word' id='word_1_191' title='bbox 1170 3707 1373 3803; x_wconf 84' lang='lat' dir='ltr'>quingentis</span> 
     </span>
     <span class='ocr_line' id='line_1_29' title="bbox 198 3829 1370 3930; baseline 0.004 -29"><span class='ocrx_word' id='word_1_192' title='bbox 198 3829 1370 3930; x_wconf 46' lang='lat' dir='ltr'>wffimwfflffimfflffifflfflmmfflfflmmm</span> 
     </span>
     <span class='ocr_line' id='line_1_30' title="bbox 154 3953 1370 4064; baseline 0.003 -40"><span class='ocrx_word' id='word_1_193' title='bbox 154 4041 165 4064; x_wconf 85' lang='lat'><strong>.</strong></span> <span class='ocrx_word' id='word_1_194' title='bbox 199 3977 272 4049; x_wconf 91' lang='lat' dir='ltr'>quo</span> <span class='ocrx_word' id='word_1_195' title='bbox 300 3980 480 4052; x_wconf 89' lang='lat' dir='ltr'>quemque</span> <span class='ocrx_word' id='word_1_196' title='bbox 499 3971 668 4052; x_wconf 86' lang='lat' dir='ltr'>rapuerat</span> <span class='ocrx_word' id='word_1_197' title='bbox 687 3956 782 4051; x_wconf 86' lang='lat' dir='ltr'>luga,</span> <span class='ocrx_word' id='word_1_198' title='bbox 804 3954 972 4026; x_wconf 91' lang='lat' dir='ltr'>disiectas</span> <span class='ocrx_word' id='word_1_199' title='bbox 991 3953 1178 4052; x_wconf 88' lang='lat' dir='ltr'>recollegit</span> <span class='ocrx_word' id='word_1_200' title='bbox 1196 3957 1230 4027; x_wconf 96' lang='lat' dir='ltr'>in</span> <span class='ocrx_word' id='word_1_201' title='bbox 1253 3982 1370 4044; x_wconf 90' lang='lat' dir='ltr'>unum,</span> 
     </span>
    </p>
   </div>
   <div class='ocr_carea' id='block_1_3' title="bbox 199 4102 358 4112">
    <p class='ocr_par' dir='ltr' id='par_1_4' title="bbox 199 4102 358 4112">
     <span class='ocr_line' id='line_1_31' title="bbox 199 4102 358 4112; baseline -0.006 1"><span class='ocrx_word' id='word_1_202' title='bbox 199 4102 358 4112; x_wconf 81' lang='lat'>———</span> 
     </span>
    </p>
   </div>
   <div class='ocr_carea' id='block_1_4' title="bbox 202 4191 1375 4688">
    <p class='ocr_par' dir='ltr' id='par_1_5' title="bbox 240 4191 824 4259">
     <span class='ocr_line' id='line_1_32' title="bbox 240 4191 824 4259; baseline -0.007 -18"><span class='ocrx_word' id='word_1_203' title='bbox 240 4192 267 4259; x_wconf 86' lang='lat'>1)</span> <span class='ocrx_word' id='word_1_204' title='bbox 290 4193 328 4242; x_wconf 83' lang='lat' dir='ltr'>Cf.</span> <span class='ocrx_word' id='word_1_205' title='bbox 348 4194 413 4242; x_wconf 92' lang='lat' dir='ltr'>Plut.</span> <span class='ocrx_word' id='word_1_206' title='bbox 433 4194 513 4242; x_wconf 83' lang='lat' dir='ltr'>Crass.</span> <span class='ocrx_word' id='word_1_207' title='bbox 535 4191 576 4251; x_wconf 88' lang='lat'>18,</span> <span class='ocrx_word' id='word_1_208' title='bbox 596 4204 636 4250; x_wconf 91' lang='lat'>20,</span> <span class='ocrx_word' id='word_1_209' title='bbox 658 4203 699 4249; x_wconf 88' lang='lat'>22,</span> <span class='ocrx_word' id='word_1_210' title='bbox 721 4203 762 4252; x_wconf 86' lang='lat'>23,</span> <span class='ocrx_word' id='word_1_211' title='bbox 782 4201 824 4251; x_wconf 85' lang='lat'>27·</span> 
     </span>
    </p>

    <p class='ocr_par' dir='ltr' id='par_1_6' title="bbox 238 4280 536 4347">
     <span class='ocr_line' id='line_1_33' title="bbox 238 4280 536 4347; baseline 0 -16"><span class='ocrx_word' id='word_1_212' title='bbox 238 4280 536 4347; x_wconf 52' lang='lat' dir='ltr'>mmmmm</span> 
     </span>
    </p>

    <p class='ocr_par' dir='ltr' id='par_1_7' title="bbox 202 4359 1375 4611">
     <span class='ocr_line' id='line_1_34' title="bbox 237 4359 1374 4436; baseline -0.006 -16"><span class='ocrx_word' id='word_1_213' title='bbox 237 4374 263 4434; x_wconf 89' lang='lat'>3)</span> <span class='ocrx_word' id='word_1_214' title='bbox 282 4371 319 4420; x_wconf 79' lang='lat' dir='ltr'>Cf.</span> <span class='ocrx_word' id='word_1_215' title='bbox 348 4374 419 4436; x_wconf 84' lang='lat' dir='ltr'>App.</span> <span class='ocrx_word' id='word_1_216' title='bbox 438 4372 466 4420; x_wconf 86' lang='grc' dir='ltr'>Β.</span> <span class='ocrx_word' id='word_1_217' title='bbox 487 4371 515 4419; x_wconf 92' lang='lat' dir='ltr'>C.</span> <span class='ocrx_word' id='word_1_218' title='bbox 536 4370 581 4419; x_wconf 86' lang='lat' dir='ltr'>IV.</span> <span class='ocrx_word' id='word_1_219' title='bbox 602 4380 662 4432; x_wconf 86' lang='lat'><strong>59.:</strong></span> <span class='ocrx_word' id='word_1_220' title='bbox 683 4363 740 4418; x_wconf 80' lang='grc' dir='ltr'>Καὶ</span> <span class='ocrx_word' id='word_1_221' title='bbox 758 4359 836 4436; x_wconf 72' lang='grc' dir='ltr'><strong><em>αὐτῷ</em></strong></span> <span class='ocrx_word' id='word_1_222' title='bbox 854 4365 916 4430; x_wconf 88' lang='lat' dir='ltr'>(scil.</span> <span class='ocrx_word' id='word_1_223' title='bbox 939 4363 977 4436; x_wconf 82' lang='grc' dir='ltr'>τῷ</span> <span class='ocrx_word' id='word_1_224' title='bbox 996 4365 1120 4436; x_wconf 81' lang='grc' dir='ltr'>Κασσίῳ)</span> <span class='ocrx_word' id='word_1_225' title='bbox 1138 4381 1212 4422; x_wconf 87' lang='grc' dir='ltr'><strong><em>τινες</em></strong></span> <span class='ocrx_word' id='word_1_226' title='bbox 1230 4361 1277 4424; x_wconf 72' lang='lat' dir='ltr'>nul</span> <span class='ocrx_word' id='word_1_227' title='bbox 1297 4364 1374 4427; x_wconf 89' lang='grc' dir='ltr'><strong><em>Παρ-</em></strong></span> 
     </span>
     <span class='ocr_line' id='line_1_35' title="bbox 202 4442 1375 4522; baseline -0.009 -12"><span class='ocrx_word' id='word_1_228' title='bbox 202 4457 314 4510; x_wconf 75' lang='grc' dir='ltr'><strong><em>θυαίαν</em></strong></span> <span class='ocrx_word' id='word_1_229' title='bbox 341 4452 526 4520; x_wconf 81' lang='grc' dir='ltr'><strong><em>ἱπποτοξόται</em></strong></span> <span class='ocrx_word' id='word_1_230' title='bbox 552 4451 728 4522; x_wconf 79' lang='grc' dir='ltr'><strong><em>συνεμάχουν</em></strong></span> <span class='ocrx_word' id='word_1_231' title='bbox 750 4451 839 4519; x_wconf 81' lang='grc' dir='ltr'><strong><em>δόξαν</em></strong></span> <span class='ocrx_word' id='word_1_232' title='bbox 856 4449 948 4521; x_wconf 76' lang='grc' dir='ltr'><strong><em>ἔχοντι</em></strong></span> <span class='ocrx_word' id='word_1_233' title='bbox 963 4448 1042 4518; x_wconf 82' lang='grc' dir='ltr'><strong><em>παρὰ</em></strong></span> <span class='ocrx_word' id='word_1_234' title='bbox 1060 4456 1119 4512; x_wconf 81' lang='grc' dir='ltr'><strong><em>τοῖς</em></strong></span> <span class='ocrx_word' id='word_1_235' title='bbox 1137 4450 1327 4516; x_wconf 77' lang='grc' dir='ltr'><strong><em>Παρθυαίοις,</em></strong></span> <span class='ocrx_word' id='word_1_236' title='bbox 1347 4442 1375 4512; x_wconf 79' lang='grc' dir='ltr'>ἐξ</span> 
     </span>
     <span class='ocr_line' id='line_1_36' title="bbox 202 4530 1251 4611; baseline -0.01 -17"><span class='ocrx_word' id='word_1_237' title='bbox 202 4532 237 4594; x_wconf 78' lang='grc' dir='ltr'>οὗ</span> <span class='ocrx_word' id='word_1_238' title='bbox 256 4536 375 4611; x_wconf 80' lang='grc' dir='ltr'><strong><em>Κράσσῳ</em></strong></span> <span class='ocrx_word' id='word_1_239' title='bbox 392 4535 533 4607; x_wconf 77' lang='grc' dir='ltr'><strong><em>ταμιεύων</em></strong></span> <span class='ocrx_word' id='word_1_240' title='bbox 551 4533 773 4606; x_wconf 75' lang='grc' dir='ltr'><strong><em>ἐμφρονέστερος</em></strong></span> <span class='ocrx_word' id='word_1_241' title='bbox 791 4534 871 4600; x_wconf 78' lang='grc' dir='ltr'><strong><em>ἔδοξε</em></strong></span> <span class='ocrx_word' id='word_1_242' title='bbox 890 4536 940 4589; x_wconf 83' lang='grc' dir='ltr'>τοῦ</span> <span class='ocrx_word' id='word_1_243' title='bbox 960 4532 1091 4601; x_wconf 80' lang='grc' dir='ltr'><strong><em>Κράσσου</em></strong></span> <span class='ocrx_word' id='word_1_244' title='bbox 1109 4530 1251 4603; x_wconf 77' lang='grc' dir='ltr'><strong><em>γενέσθαι.</em></strong></span> 
     </span>
    </p>

    <p class='ocr_par' dir='ltr' id='par_1_8' title="bbox 238 4625 1303 4688">
     <span class='ocr_line' id='line_1_37' title="bbox 238 4625 1303 4688; baseline 0.006 -14"><span class='ocrx_word' id='word_1_245' title='bbox 238 4625 267 4688; x_wconf 89' lang='lat'>4)</span> <span class='ocrx_word' id='word_1_246' title='bbox 286 4626 326 4679; x_wconf 84' lang='lat' dir='ltr'>Cl.</span> <span class='ocrx_word' id='word_1_247' title='bbox 344 4627 408 4676; x_wconf 85' lang='lat' dir='ltr'>Plut.</span> <span class='ocrx_word' id='word_1_248' title='bbox 428 4627 509 4677; x_wconf 87' lang='lat' dir='ltr'>Crass.</span> <span class='ocrx_word' id='word_1_249' title='bbox 530 4638 572 4687; x_wconf 84' lang='lat'>29.</span> <span class='ocrx_word' id='word_1_250' title='bbox 1300 4625 1303 4631; x_wconf 65' lang='grc'>’</span> 
     </span>
    </p>
   </div>
   <div class='ocr_carea' id='block_1_5' title="bbox 0 0 1670 5259">
    <p class='ocr_par' dir='ltr' id='par_1_9' title="bbox 0 0 1670 5259">
     <span class='ocr_line' id='line_1_38' title="bbox 0 0 1670 5259; baseline 0 0"><span class='ocrx_word' id='word_1_251' title='bbox 0 0 1670 5259; x_wconf 95' lang='lat' dir='ltr'> </span> 
     </span>
    </p>
   </div>
  </div>
 </body>
</html>
