<?xml version="1.0" encoding="UTF-8"?>
<!DOCTYPE html PUBLIC "-//W3C//DTD XHTML 1.0 Transitional//EN"
    "http://www.w3.org/TR/xhtml1/DTD/xhtml1-transitional.dtd">
<html xmlns="http://www.w3.org/1999/xhtml" xml:lang="en" lang="en">
 <head>
  <title>
</title>
<meta http-equiv="Content-Type" content="text/html;charset=utf-8" />
  <meta name='ocr-system' content='tesseract 3.04.00' />
  <meta name='ocr-capabilities' content='ocr_page ocr_carea ocr_par ocr_line ocrx_word'/>
</head>
<body>
  <div class='ocr_page' id='page_1' title='image "./quaestionespart00fenngoog_0125.png"; bbox 0 0 3292 5259; ppageno 0'>
   <div class='ocr_carea' id='block_1_1' title="bbox 741 371 796 430">
    <p class='ocr_par' dir='ltr' id='par_1_1' title="bbox 741 371 796 430">
     <span class='ocr_line' id='line_1_1' title="bbox 741 371 796 430; baseline 0.018 -21"><span class='ocrx_word' id='word_1_1' title='bbox 741 371 796 430; x_wconf 90' lang='lat'><strong>109</strong></span> 
     </span>
    </p>
   </div>
   <div class='ocr_carea' id='block_1_2' title="bbox 172 518 1360 4331">
    <p class='ocr_par' dir='ltr' id='par_1_2' title="bbox 172 518 1360 1136">
     <span class='ocr_line' id='line_1_2' title="bbox 173 518 1358 606; baseline 0.002 -24"><span class='ocrx_word' id='word_1_2' title='bbox 173 520 277 602; x_wconf 84' lang='lat' dir='ltr'><strong>magis</strong></span> <span class='ocrx_word' id='word_1_3' title='bbox 299 518 485 601; x_wconf 86' lang='lat' dir='ltr'><strong>proficimus</strong></span> <span class='ocrx_word' id='word_1_4' title='bbox 507 519 772 601; x_wconf 84' lang='lat' dir='ltr'><strong>interpretatione</strong></span> <span class='ocrx_word' id='word_1_5' title='bbox 794 519 852 582; x_wconf 87' lang='lat' dir='ltr'><strong>viri</strong></span> <span class='ocrx_word' id='word_1_6' title='bbox 877 520 1054 583; x_wconf 90' lang='lat' dir='ltr'><strong>doctissimi</strong></span> <span class='ocrx_word' id='word_1_7' title='bbox 1078 518 1242 583; x_wconf 87' lang='lat' dir='ltr'><strong>Holmann</strong></span> <span class='ocrx_word' id='word_1_8' title='bbox 1260 521 1358 606; x_wconf 79' lang='lat' dir='ltr'><strong>(Aus-</strong></span> 
     </span>
     <span class='ocr_line' id='line_1_3' title="bbox 172 625 1356 718; baseline -0.001 -28"><span class='ocrx_word' id='word_1_9' title='bbox 172 627 333 709; x_wconf 78' lang='lat' dir='ltr'><strong>gew&#39;ahlte</strong></span> <span class='ocrx_word' id='word_1_10' title='bbox 368 625 472 688; x_wconf 87' lang='lat' dir='ltr'><strong>Briefe</strong></span> <span class='ocrx_word' id='word_1_11' title='bbox 504 646 569 689; x_wconf 82' lang='lat' dir='ltr'><strong>von</strong></span> <span class='ocrx_word' id='word_1_12' title='bbox 590 625 704 689; x_wconf 90' lang='lat' dir='ltr'><strong>Cicero</strong></span> <span class='ocrx_word' id='word_1_13' title='bbox 728 647 802 710; x_wconf 89' lang='lat' dir='ltr'>pag.</span> <span class='ocrx_word' id='word_1_14' title='bbox 833 628 928 718; x_wconf 76' lang='grc' dir='ltr'><strong>140),Ι</strong></span> <span class='ocrx_word' id='word_1_15' title='bbox 945 629 999 708; x_wconf 93' lang='lat' dir='ltr'><strong>qui</strong></span> <span class='ocrx_word' id='word_1_16' title='bbox 1024 627 1202 690; x_wconf 85' lang='lat' dir='ltr'><strong>exercitum</strong></span> <span class='ocrx_word' id='word_1_17' title='bbox 1227 628 1356 708; x_wconf 88' lang='lat' dir='ltr'><strong>quidem</strong></span> 
     </span>
     <span class='ocr_line' id='line_1_4' title="bbox 173 732 1359 815; baseline 0 -19"><span class='ocrx_word' id='word_1_18' title='bbox 173 734 244 796; x_wconf 86' lang='lat' dir='ltr'><strong>Kal.</strong></span> <span class='ocrx_word' id='word_1_19' title='bbox 272 733 364 814; x_wconf 87' lang='lat' dir='ltr'><strong>Sept.</strong></span> <span class='ocrx_word' id='word_1_20' title='bbox 389 741 496 795; x_wconf 90' lang='lat' dir='ltr'><strong>castra</strong></span> <span class='ocrx_word' id='word_1_21' title='bbox 519 733 669 806; x_wconf 92' lang='lat' dir='ltr'><strong>movisse,</strong></span> <span class='ocrx_word' id='word_1_22' title='bbox 696 732 887 795; x_wconf 87' lang='lat' dir='ltr'>Ciceronem</span> <span class='ocrx_word' id='word_1_23' title='bbox 913 735 1018 815; x_wconf 91' lang='lat' dir='ltr'><strong>ipsum</strong></span> <span class='ocrx_word' id='word_1_24' title='bbox 1042 754 1144 814; x_wconf 87' lang='lat' dir='ltr'><strong>usque</strong></span> <span class='ocrx_word' id='word_1_25' title='bbox 1162 735 1202 796; x_wconf 89' lang='lat' dir='ltr'><strong>ad</strong></span> <span class='ocrx_word' id='word_1_26' title='bbox 1227 755 1254 796; x_wconf 93' lang='lat' dir='ltr'><strong>a.</strong></span> <span class='ocrx_word' id='word_1_27' title='bbox 1269 735 1359 800; x_wconf 88' lang='lat' dir='ltr'><strong>d.lll</strong></span> 
     </span>
     <span class='ocr_line' id='line_1_5' title="bbox 172 838 1359 920; baseline 0.002 -18"><span class='ocrx_word' id='word_1_28' title='bbox 172 842 255 902; x_wconf 91' lang='lat' dir='ltr'><strong>Non.</strong></span> <span class='ocrx_word' id='word_1_29' title='bbox 281 839 372 920; x_wconf 89' lang='lat' dir='ltr'><strong>Sept.</strong></span> <span class='ocrx_word' id='word_1_30' title='bbox 396 841 438 900; x_wconf 91' lang='lat' dir='ltr'><strong>ad</strong></span> <span class='ocrx_word' id='word_1_31' title='bbox 464 839 606 902; x_wconf 91' lang='lat' dir='ltr'><strong>Iconium</strong></span> <span class='ocrx_word' id='word_1_32' title='bbox 629 838 822 902; x_wconf 86' lang='lat' dir='ltr'><strong>remansisse</strong></span> <span class='ocrx_word' id='word_1_33' title='bbox 850 841 1009 920; x_wconf 83' lang='lat' dir='ltr'><strong>opinatur.</strong></span> <span class='ocrx_word' id='word_1_34' title='bbox 1033 841 1121 912; x_wconf 88' lang='lat' dir='ltr'><strong>Mihi,</strong></span> <span class='ocrx_word' id='word_1_35' title='bbox 1148 841 1178 902; x_wconf 93' lang='lat' dir='ltr'><strong>in</strong></span> <span class='ocrx_word' id='word_1_36' title='bbox 1204 841 1359 904; x_wconf 89' lang='lat' dir='ltr'><strong>hancrem</strong></span> 
     </span>
     <span class='ocr_line' id='line_1_6' title="bbox 174 947 1360 1028; baseline 0.001 -19"><span class='ocrx_word' id='word_1_37' title='bbox 174 949 354 1028; x_wconf 84' lang='lat' dir='ltr'><strong>inquirenti,</strong></span> <span class='ocrx_word' id='word_1_38' title='bbox 378 947 480 1009; x_wconf 89' lang='lat' dir='ltr'><strong>haece</strong></span> <span class='ocrx_word' id='word_1_39' title='bbox 502 947 534 1008; x_wconf 92' lang='lat' dir='ltr'><strong>in</strong></span> <span class='ocrx_word' id='word_1_40' title='bbox 558 955 702 1010; x_wconf 90' lang='lat' dir='ltr'><strong>mentem</strong></span> <span class='ocrx_word' id='word_1_41' title='bbox 725 955 892 1020; x_wconf 85' lang='lat' dir='ltr'><strong>venerunt,</strong></span> <span class='ocrx_word' id='word_1_42' title='bbox 919 967 1002 1028; x_wconf 93' lang='lat' dir='ltr'><strong>quae</strong></span> <span class='ocrx_word' id='word_1_43' title='bbox 1026 947 1112 1010; x_wconf 87' lang='lat' dir='ltr'><strong>haud</strong></span> <span class='ocrx_word' id='word_1_44' title='bbox 1136 949 1204 1010; x_wconf 89' lang='lat' dir='ltr'><strong>scio</strong></span> <span class='ocrx_word' id='word_1_45' title='bbox 1227 968 1266 1010; x_wconf 91' lang='lat' dir='ltr'><strong>an</strong></span> <span class='ocrx_word' id='word_1_46' title='bbox 1281 949 1360 1011; x_wconf 91' lang='lat' dir='ltr'><strong>lucis</strong></span> 
     </span>
     <span class='ocr_line' id='line_1_7' title="bbox 174 1051 1057 1136; baseline 0 -20"><span class='ocrx_word' id='word_1_47' title='bbox 174 1055 292 1135; x_wconf 89' lang='lat' dir='ltr'><strong>aliquid</strong></span> <span class='ocrx_word' id='word_1_48' title='bbox 316 1055 497 1135; x_wconf 90' lang='lat' dir='ltr'><strong>quaestioni</strong></span> <span class='ocrx_word' id='word_1_49' title='bbox 522 1055 634 1117; x_wconf 83' lang='lat' dir='ltr'><strong>afferre</strong></span> <span class='ocrx_word' id='word_1_50' title='bbox 658 1055 793 1136; x_wconf 90' lang='lat' dir='ltr'><strong>possint.</strong></span> <span class='ocrx_word' id='word_1_51' title='bbox 1050 1051 1057 1066; x_wconf 77' lang='grc'><em>“</em></span> 
     </span>
    </p>

    <p class='ocr_par' dir='ltr' id='par_1_3' title="bbox 173 1158 1358 4331">
     <span class='ocr_line' id='line_1_8' title="bbox 219 1158 1358 1242; baseline 0.003 -20"><span class='ocrx_word' id='word_1_52' title='bbox 219 1162 286 1222; x_wconf 90' lang='lat' dir='ltr'><strong>lam</strong></span> <span class='ocrx_word' id='word_1_53' title='bbox 321 1160 460 1242; x_wconf 89' lang='lat' dir='ltr'><strong>primum</strong></span> <span class='ocrx_word' id='word_1_54' title='bbox 497 1181 602 1223; x_wconf 89' lang='lat' dir='ltr'><strong>nemo·</strong></span> <span class='ocrx_word' id='word_1_55' title='bbox 624 1180 688 1222; x_wconf 91' lang='lat' dir='ltr'><strong>non</strong></span> <span class='ocrx_word' id='word_1_56' title='bbox 727 1161 803 1222; x_wconf 92' lang='lat' dir='ltr'><strong>mihi</strong></span> <span class='ocrx_word' id='word_1_57' title='bbox 835 1161 1001 1223; x_wconf 91' lang='lat' dir='ltr'><strong>concedet</strong></span> <span class='ocrx_word' id='word_1_58' title='bbox 1036 1160 1168 1223; x_wconf 89' lang='lat' dir='ltr'><strong>minoris</strong></span> <span class='ocrx_word' id='word_1_59' title='bbox 1202 1158 1358 1225; x_wconf 85' lang='lat' dir='ltr'><strong>momenti</strong></span> 
     </span>
     <span class='ocr_line' id='line_1_9' title="bbox 174 1265 1356 1352; baseline 0.002 -24"><span class='ocrx_word' id='word_1_60' title='bbox 174 1287 253 1339; x_wconf 88' lang='lat' dir='ltr'><strong>esse,</strong></span> <span class='ocrx_word' id='word_1_61' title='bbox 291 1268 379 1347; x_wconf 92' lang='lat' dir='ltr'><strong>quod</strong></span> <span class='ocrx_word' id='word_1_62' title='bbox 415 1269 559 1329; x_wconf 89' lang='lat' dir='ltr'><strong>secunda</strong></span> <span class='ocrx_word' id='word_1_63' title='bbox 590 1267 730 1348; x_wconf 88' lang='lat' dir='ltr'><strong>epistola</strong></span> <span class='ocrx_word' id='word_1_64' title='bbox 763 1269 804 1329; x_wconf 84' lang='lat' dir='ltr'><strong>ad</strong></span> <span class='ocrx_word' id='word_1_65' title='bbox 832 1265 992 1330; x_wconf 88' lang='lat' dir='ltr'><strong>Catonem</strong></span> <span class='ocrx_word' id='word_1_66' title='bbox 1018 1268 1071 1350; x_wconf 82' lang='lat' dir='ltr'><strong>(ad</strong></span> <span class='ocrx_word' id='word_1_67' title='bbox 1095 1267 1185 1331; x_wconf 89' lang='lat' dir='ltr'><strong>Fam.</strong></span> <span class='ocrx_word' id='word_1_68' title='bbox 1212 1269 1285 1330; x_wconf 92' lang='lat' dir='ltr'><strong>XV.</strong></span> <span class='ocrx_word' id='word_1_69' title='bbox 1312 1272 1356 1352; x_wconf 85' lang='lat'><strong>4.)</strong></span> 
     </span>
     <span class='ocr_line' id='line_1_10' title="bbox 175 1374 1357 1455; baseline 0.003 -21"><span class='ocrx_word' id='word_1_70' title='bbox 175 1393 247 1435; x_wconf 93' lang='lat' dir='ltr'><strong>cum</strong></span> <span class='ocrx_word' id='word_1_71' title='bbox 277 1374 381 1454; x_wconf 90' lang='lat' dir='ltr'><strong>prima</strong></span> <span class='ocrx_word' id='word_1_72' title='bbox 417 1382 594 1454; x_wconf 84' lang='lat' dir='ltr'><strong>repugnet;</strong></span> <span class='ocrx_word' id='word_1_73' title='bbox 632 1385 681 1437; x_wconf 88' lang='lat' dir='ltr'><strong>est</strong></span> <span class='ocrx_word' id='word_1_74' title='bbox 716 1375 802 1436; x_wconf 91' lang='lat' dir='ltr'><strong>enim</strong></span> <span class='ocrx_word' id='word_1_75' title='bbox 836 1375 915 1436; x_wconf 90' lang='lat' dir='ltr'><strong>data</strong></span> <span class='ocrx_word' id='word_1_76' title='bbox 938 1382 1014 1454; x_wconf 91' lang='lat' dir='ltr'><strong>post</strong></span> <span class='ocrx_word' id='word_1_77' title='bbox 1038 1383 1175 1455; x_wconf 89' lang='lat' dir='ltr'><strong>quatuor</strong></span> <span class='ocrx_word' id='word_1_78' title='bbox 1199 1377 1357 1438; x_wconf 86' lang='lat' dir='ltr'><strong>mensium</strong></span> 
     </span>
     <span class='ocr_line' id='line_1_11' title="bbox 175 1478 1356 1561; baseline 0.004 -22"><span class='ocrx_word' id='word_1_79' title='bbox 175 1478 394 1554; x_wconf 76' lang='lat' dir='ltr'><strong>intervallum3</strong></span> <span class='ocrx_word' id='word_1_80' title='bbox 419 1479 531 1560; x_wconf 93' lang='lat' dir='ltr'><strong>itaque</strong></span> <span class='ocrx_word' id='word_1_81' title='bbox 554 1479 622 1541; x_wconf 86' lang='lat' dir='ltr'><strong>fieri</strong></span> <span class='ocrx_word' id='word_1_82' title='bbox 645 1480 760 1561; x_wconf 88' lang='lat' dir='ltr'><strong>potuit,</strong></span> <span class='ocrx_word' id='word_1_83' title='bbox 787 1490 828 1542; x_wconf 90' lang='lat' dir='ltr'><strong>ut.</strong></span> <span class='ocrx_word' id='word_1_84' title='bbox 846 1479 961 1542; x_wconf 88' lang='lat' dir='ltr'><strong>Cicero</strong></span> <span class='ocrx_word' id='word_1_85' title='bbox 978 1490 1070 1542; x_wconf 91' lang='lat' dir='ltr'><strong>tanto</strong></span> <span class='ocrx_word' id='word_1_86' title='bbox 1082 1481 1264 1544; x_wconf 91' lang='lat' dir='ltr'><strong>intermisso</strong></span> <span class='ocrx_word' id='word_1_87' title='bbox 1278 1492 1356 1544; x_wconf 93' lang='lat' dir='ltr'><strong>tem-</strong></span> 
     </span>
     <span class='ocr_line' id='line_1_12' title="bbox 175 1571 1357 1669; baseline 0.003 -22"><span class='ocrx_word' id='word_1_88' title='bbox 175 1607 252 1666; x_wconf 89' lang='lat' dir='ltr'><strong>pore</strong></span> <span class='ocrx_word' id='word_1_89' title='bbox 264 1587 296 1648; x_wconf 93' lang='lat' dir='ltr'><strong>in</strong></span> <span class='ocrx_word' id='word_1_90' title='bbox 310 1586 488 1648; x_wconf 87' lang='lat' dir='ltr'><strong>memoriae</strong></span> <span class='ocrx_word' id='word_1_91' title='bbox 505 1606 645 1649; x_wconf 91' lang='lat' dir='ltr'><strong>errorem</strong></span> <span class='ocrx_word' id='word_1_92' title='bbox 660 1586 813 1669; x_wconf 88' lang='lat' dir='ltr'><strong>delapsus</strong></span> <span class='ocrx_word' id='word_1_93' title='bbox 827 1571 1004 1650; x_wconf 84' lang='lat' dir='ltr'><strong>exercitum</strong></span> <span class='ocrx_word' id='word_1_94' title='bbox 1018 1587 1146 1650; x_wconf 91' lang='lat' dir='ltr'><strong>duobus</strong></span> <span class='ocrx_word' id='word_1_95' title='bbox 1160 1589 1357 1651; x_wconf 90' lang='lat' dir='ltr'><strong>diebusante</strong></span> 
     </span>
     <span class='ocr_line' id='line_1_13' title="bbox 175 1693 1358 1776; baseline 0.001 -21"><span class='ocrx_word' id='word_1_96' title='bbox 175 1694 291 1755; x_wconf 89' lang='lat' dir='ltr'><strong>abiisse</strong></span> <span class='ocrx_word' id='word_1_97' title='bbox 312 1693 486 1773; x_wconf 82' lang='lat' dir='ltr'><strong>scripserit,</strong></span> <span class='ocrx_word' id='word_1_98' title='bbox 512 1713 609 1774; x_wconf 92' lang='lat' dir='ltr'><strong>quam</strong></span> <span class='ocrx_word' id='word_1_99' title='bbox 622 1715 656 1756; x_wconf 94' lang='lat' dir='ltr'><strong>re</strong></span> <span class='ocrx_word' id='word_1_100' title='bbox 673 1715 748 1755; x_wconf 88' lang='lat' dir='ltr'><strong>vera</strong></span> <span class='ocrx_word' id='word_1_101' title='bbox 762 1696 926 1776; x_wconf 82' lang='lat' dir='ltr'><strong>protectus</strong></span> <span class='ocrx_word' id='word_1_102' title='bbox 939 1705 997 1758; x_wconf 93' lang='lat' dir='ltr'><strong>est.</strong></span> <span class='ocrx_word' id='word_1_103' title='bbox 1013 1695 1048 1756; x_wconf 94' lang='lat' dir='ltr'><strong>ld</strong></span> <span class='ocrx_word' id='word_1_104' title='bbox 1063 1706 1171 1758; x_wconf 91' lang='lat' dir='ltr'><strong>autem</strong></span> <span class='ocrx_word' id='word_1_105' title='bbox 1185 1697 1358 1776; x_wconf 88' lang='lat' dir='ltr'><strong>permirum</strong></span> 
     </span>
     <span class='ocr_line' id='line_1_14' title="bbox 175 1800 1355 1882; baseline 0.003 -22"><span class='ocrx_word' id='word_1_106' title='bbox 175 1809 206 1861; x_wconf 88' lang='lat' dir='ltr'><strong>et</strong></span> <span class='ocrx_word' id='word_1_107' title='bbox 230 1800 416 1863; x_wconf 90' lang='lat' dir='ltr'><strong>incredibile</strong></span> <span class='ocrx_word' id='word_1_108' title='bbox 439 1801 575 1875; x_wconf 88' lang='lat' dir='ltr'><strong>accidit,</strong></span> <span class='ocrx_word' id='word_1_109' title='bbox 601 1811 634 1863; x_wconf 94' lang='lat' dir='ltr'><strong>ut</strong></span> <span class='ocrx_word' id='word_1_110' title='bbox 659 1800 774 1864; x_wconf 87' lang='lat' dir='ltr'><strong>Cicero</strong></span> <span class='ocrx_word' id='word_1_111' title='bbox 798 1823 826 1867; x_wconf 89' lang='lat' dir='ltr'><strong>a.</strong></span> <span class='ocrx_word' id='word_1_112' title='bbox 853 1805 883 1865; x_wconf 92' lang='lat' dir='ltr'><strong>d.</strong></span> <span class='ocrx_word' id='word_1_113' title='bbox 912 1803 956 1864; x_wconf 92' lang='grc' dir='ltr'><strong>ΙΙΙ</strong></span> <span class='ocrx_word' id='word_1_114' title='bbox 978 1803 1060 1864; x_wconf 92' lang='lat' dir='ltr'><strong>Non.</strong></span> <span class='ocrx_word' id='word_1_115' title='bbox 1094 1802 1186 1882; x_wconf 90' lang='lat' dir='ltr'><strong>Sept.</strong></span> <span class='ocrx_word' id='word_1_116' title='bbox 1212 1803 1355 1865; x_wconf 88' lang='lat' dir='ltr'><strong>nuntium</strong></span> 
     </span>
     <span class='ocr_line' id='line_1_15' title="bbox 175 1906 1355 1989; baseline 0.003 -23"><span class='ocrx_word' id='word_1_117' title='bbox 175 1908 216 1968; x_wconf 93' lang='lat' dir='ltr'><strong>de</strong></span> <span class='ocrx_word' id='word_1_118' title='bbox 237 1906 427 1970; x_wconf 89' lang='lat' dir='ltr'><strong>Parthorum</strong></span> <span class='ocrx_word' id='word_1_119' title='bbox 440 1907 581 1970; x_wconf 92' lang='lat' dir='ltr'><strong>adventu</strong></span> <span class='ocrx_word' id='word_1_120' title='bbox 599 1910 633 1969; x_wconf 84' lang='lat' dir='ltr'><strong>in</strong></span> <span class='ocrx_word' id='word_1_121' title='bbox 646 1920 754 1971; x_wconf 85' lang='lat' dir='ltr'><strong>castra</strong></span> <span class='ocrx_word' id='word_1_122' title='bbox 764 1909 812 1971; x_wconf 85' lang='lat' dir='ltr'><strong>ad</strong></span> <span class='ocrx_word' id='word_1_123' title='bbox 819 1909 964 1971; x_wconf 76' lang='lat' dir='ltr'><strong>[carrium</strong></span> <span class='ocrx_word' id='word_1_124' title='bbox 981 1906 1139 1989; x_wconf 85' lang='lat' dir='ltr'><strong>perlatum</strong></span> <span class='ocrx_word' id='word_1_125' title='bbox 1154 1929 1224 1970; x_wconf 88' lang='lat' dir='ltr'><strong>esse</strong></span> <span class='ocrx_word' id='word_1_126' title='bbox 1239 1910 1355 1980; x_wconf 87' lang='lat' dir='ltr'><strong>tradat,</strong></span> 
     </span>
     <span class='ocr_line' id='line_1_16' title="bbox 175 2010 1356 2099; baseline 0.002 -25"><span class='ocrx_word' id='word_1_127' title='bbox 175 2034 253 2099; x_wconf 90' lang='lat' dir='ltr'><strong>cum</strong></span> <span class='ocrx_word' id='word_1_128' title='bbox 284 2013 387 2077; x_wconf 93' lang='lat' dir='ltr'><strong>tribus</strong></span> <span class='ocrx_word' id='word_1_129' title='bbox 426 2013 541 2076; x_wconf 92' lang='lat' dir='ltr'><strong>diebus</strong></span> <span class='ocrx_word' id='word_1_130' title='bbox 580 2024 655 2078; x_wconf 88' lang='lat' dir='ltr'><strong>ante</strong></span> <span class='ocrx_word' id='word_1_131' title='bbox 689 2010 851 2096; x_wconf 90' lang='lat' dir='ltr'><strong>scripserit</strong></span> <span class='ocrx_word' id='word_1_132' title='bbox 890 2035 924 2077; x_wconf 88' lang='lat' dir='ltr'><strong>se</strong></span> <span class='ocrx_word' id='word_1_133' title='bbox 961 2015 1024 2078; x_wconf 91' lang='lat' dir='ltr'><strong>iam</strong></span> <span class='ocrx_word' id='word_1_134' title='bbox 1061 2024 1164 2077; x_wconf 88' lang='lat' dir='ltr'><strong>castra</strong></span> <span class='ocrx_word' id='word_1_135' title='bbox 1189 2015 1262 2076; x_wconf 90' lang='lat' dir='ltr'><strong>inde</strong></span> <span class='ocrx_word' id='word_1_136' title='bbox 1291 2035 1356 2076; x_wconf 94' lang='lat' dir='ltr'><strong>mo-</strong></span> 
     </span>
     <span class='ocr_line' id='line_1_17' title="bbox 174 2119 1350 2202; baseline 0.002 -22"><span class='ocrx_word' id='word_1_137' title='bbox 174 2122 266 2183; x_wconf 82' lang='lat' dir='ltr'><strong>uisse.</strong></span> <span class='ocrx_word' id='word_1_138' title='bbox 314 2121 399 2183; x_wconf 94' lang='lat' dir='ltr'><strong>Num</strong></span> <span class='ocrx_word' id='word_1_139' title='bbox 436 2121 532 2202; x_wconf 84' lang='lat' dir='ltr'><strong>igitur</strong></span> <span class='ocrx_word' id='word_1_140' title='bbox 567 2121 670 2184; x_wconf 88' lang='lat' dir='ltr'><strong>altero</strong></span> <span class='ocrx_word' id='word_1_141' title='bbox 705 2131 777 2184; x_wconf 91' lang='lat' dir='ltr'><strong>utro</strong></span> <span class='ocrx_word' id='word_1_142' title='bbox 812 2120 889 2183; x_wconf 93' lang='lat' dir='ltr'><strong>loco</strong></span> <span class='ocrx_word' id='word_1_143' title='bbox 917 2119 1061 2184; x_wconf 79' lang='lat' dir='ltr'><strong>fraudem</strong></span> <span class='ocrx_word' id='word_1_144' title='bbox 1087 2122 1255 2184; x_wconf 82' lang='lat' dir='ltr'><strong>admisisse</strong></span> <span class='ocrx_word' id='word_1_145' title='bbox 1279 2142 1350 2184; x_wconf 90' lang='lat' dir='ltr'><strong>cen·</strong></span> 
     </span>
     <span class='ocr_line' id='line_1_18' title="bbox 175 2221 1355 2311; baseline 0.002 -23"><span class='ocrx_word' id='word_1_146' title='bbox 175 2221 292 2289; x_wconf 86' lang='lat' dir='ltr'><strong>sendus</strong></span> <span class='ocrx_word' id='word_1_147' title='bbox 324 2225 393 2289; x_wconf 85' lang='lat' dir='ltr'><strong>est?</strong></span> <span class='ocrx_word' id='word_1_148' title='bbox 439 2227 576 2288; x_wconf 91' lang='lat' dir='ltr'><strong>Minime</strong></span> <span class='ocrx_word' id='word_1_149' title='bbox 599 2247 685 2289; x_wconf 88' lang='lat' dir='ltr'><strong>vero.</strong></span> <span class='ocrx_word' id='word_1_150' title='bbox 736 2226 822 2308; x_wconf 84' lang='lat' dir='ltr'><strong>Quid</strong></span> <span class='ocrx_word' id='word_1_151' title='bbox 847 2229 933 2289; x_wconf 93' lang='lat' dir='ltr'><strong>enim</strong></span> <span class='ocrx_word' id='word_1_152' title='bbox 959 2248 1075 2291; x_wconf 87' lang='lat' dir='ltr'><strong>causae</strong></span> <span class='ocrx_word' id='word_1_153' title='bbox 1099 2230 1276 2311; x_wconf 85' lang='lat' dir='ltr'><strong>excogitari</strong></span> <span class='ocrx_word' id='word_1_154' title='bbox 1301 2249 1355 2310; x_wconf 95' lang='lat' dir='ltr'><strong>po-</strong></span> 
     </span>
     <span class='ocr_line' id='line_1_19' title="bbox 174 2334 1355 2420; baseline 0.002 -25"><span class='ocrx_word' id='word_1_155' title='bbox 174 2345 246 2406; x_wconf 89' lang='lat' dir='ltr'><strong>test,</strong></span> <span class='ocrx_word' id='word_1_156' title='bbox 283 2336 371 2420; x_wconf 93' lang='lat' dir='ltr'><strong>quod</strong></span> <span class='ocrx_word' id='word_1_157' title='bbox 397 2336 437 2397; x_wconf 91' lang='lat' dir='ltr'><strong>ad</strong></span> <span class='ocrx_word' id='word_1_158' title='bbox 464 2344 531 2396; x_wconf 89' lang='lat' dir='ltr'><strong>tam</strong></span> <span class='ocrx_word' id='word_1_159' title='bbox 555 2345 702 2417; x_wconf 89' lang='lat' dir='ltr'><strong>apertum</strong></span> <span class='ocrx_word' id='word_1_160' title='bbox 728 2337 935 2398; x_wconf 86' lang='lat' dir='ltr'><strong>mendacium</strong></span> <span class='ocrx_word' id='word_1_161' title='bbox 961 2356 1035 2397; x_wconf 92' lang='lat' dir='ltr'><strong>eum</strong></span> <span class='ocrx_word' id='word_1_162' title='bbox 1059 2334 1258 2398; x_wconf 87' lang='lat' dir='ltr'><strong>incitaverit?</strong></span> <span class='ocrx_word' id='word_1_163' title='bbox 1304 2336 1355 2397; x_wconf 91' lang='lat' dir='ltr'><strong>Ne</strong></span> 
     </span>
     <span class='ocr_line' id='line_1_20' title="bbox 175 2440 1354 2523; baseline 0.002 -21"><span class='ocrx_word' id='word_1_164' title='bbox 175 2442 291 2523; x_wconf 85' lang='lat' dir='ltr'><strong>longus</strong></span> <span class='ocrx_word' id='word_1_165' title='bbox 321 2443 391 2515; x_wconf 93' lang='lat' dir='ltr'><strong>sim,</strong></span> <span class='ocrx_word' id='word_1_166' title='bbox 429 2463 528 2504; x_wconf 92' lang='lat' dir='ltr'><strong>nemo</strong></span> <span class='ocrx_word' id='word_1_167' title='bbox 562 2443 620 2503; x_wconf 91' lang='lat' dir='ltr'><strong>nisi</strong></span> <span class='ocrx_word' id='word_1_168' title='bbox 645 2441 793 2504; x_wconf 90' lang='lat' dir='ltr'><strong>librarius</strong></span> <span class='ocrx_word' id='word_1_169' title='bbox 816 2440 1016 2504; x_wconf 85' lang='lat' dir='ltr'><strong>confusionis</strong></span> <span class='ocrx_word' id='word_1_170' title='bbox 1039 2452 1152 2504; x_wconf 87' lang='lat' dir='ltr'><strong>auctor</strong></span> <span class='ocrx_word' id='word_1_171' title='bbox 1176 2462 1246 2504; x_wconf 90' lang='lat' dir='ltr'><strong>esse</strong></span> <span class='ocrx_word' id='word_1_172' title='bbox 1270 2443 1354 2504; x_wconf 91' lang='lat' dir='ltr'><strong>vide·</strong></span> 
     </span>
     <span class='ocr_line' id='line_1_21' title="bbox 174 2547 1353 2632; baseline -0.001 -22"><span class='ocrx_word' id='word_1_173' title='bbox 174 2561 240 2624; x_wconf 86' lang='lat' dir='ltr'><strong>tur3</strong></span> <span class='ocrx_word' id='word_1_174' title='bbox 263 2551 297 2611; x_wconf 88' lang='lat' dir='ltr'><strong>id</strong></span> <span class='ocrx_word' id='word_1_175' title='bbox 313 2569 392 2610; x_wconf 91' lang='lat' dir='ltr'><strong>mox</strong></span> <span class='ocrx_word' id='word_1_176' title='bbox 406 2550 563 2611; x_wconf 90' lang='lat' dir='ltr'><strong>luculente</strong></span> <span class='ocrx_word' id='word_1_177' title='bbox 580 2549 761 2630; x_wconf 89' lang='lat' dir='ltr'><strong>apparebit,</strong></span> <span class='ocrx_word' id='word_1_178' title='bbox 775 2557 950 2632; x_wconf 89' lang='lat' dir='ltr'><strong>postquam</strong></span> <span class='ocrx_word' id='word_1_179' title='bbox 968 2547 1140 2629; x_wconf 91' lang='lat' dir='ltr'><strong>epistolam</strong></span> <span class='ocrx_word' id='word_1_180' title='bbox 1154 2549 1195 2611; x_wconf 91' lang='lat' dir='ltr'><strong>ad</strong></span> <span class='ocrx_word' id='word_1_181' title='bbox 1208 2547 1353 2629; x_wconf 81' lang='lat' dir='ltr'><strong>Appium</strong></span> 
     </span>
     <span class='ocr_line' id='line_1_22' title="bbox 173 2641 1351 2737; baseline 0 -21"><span class='ocrx_word' id='word_1_182' title='bbox 173 2655 341 2717; x_wconf 88' lang='lat' dir='ltr'><strong>Claudium</strong></span> <span class='ocrx_word' id='word_1_183' title='bbox 376 2654 476 2737; x_wconf 93' lang='lat' dir='ltr'><strong>paulo</strong></span> <span class='ocrx_word' id='word_1_184' title='bbox 510 2654 694 2736; x_wconf 90' lang='lat' dir='ltr'><strong>diligentius</strong></span> <span class='ocrx_word' id='word_1_185' title='bbox 717 2641 963 2734; x_wconf 85' lang='lat' dir='ltr'><strong>inspexerimus</strong></span> <span class='ocrx_word' id='word_1_186' title='bbox 989 2653 1118 2736; x_wconf 86' lang='lat' dir='ltr'><strong>Scripta</strong></span> <span class='ocrx_word' id='word_1_187' title='bbox 1143 2665 1191 2718; x_wconf 91' lang='lat' dir='ltr'><strong>est</strong></span> <span class='ocrx_word' id='word_1_188' title='bbox 1215 2675 1255 2717; x_wconf 91' lang='lat' dir='ltr'><strong>eo</strong></span> <span class='ocrx_word' id='word_1_189' title='bbox 1279 2677 1351 2717; x_wconf 90' lang='lat' dir='ltr'><strong>con-</strong></span> 
     </span>
     <span class='ocr_line' id='line_1_23' title="bbox 175 2759 1354 2845; baseline 0.002 -23"><span class='ocrx_word' id='word_1_190' title='bbox 175 2761 253 2835; x_wconf 89' lang='lat' dir='ltr'><strong>silio,</strong></span> <span class='ocrx_word' id='word_1_191' title='bbox 278 2771 313 2824; x_wconf 90' lang='lat' dir='ltr'><strong>ut</strong></span> <span class='ocrx_word' id='word_1_192' title='bbox 336 2760 476 2844; x_wconf 87' lang='lat' dir='ltr'><strong>Appius,</strong></span> <span class='ocrx_word' id='word_1_193' title='bbox 505 2783 645 2845; x_wconf 90' lang='lat' dir='ltr'><strong>quocum</strong></span> <span class='ocrx_word' id='word_1_194' title='bbox 671 2762 852 2823; x_wconf 88' lang='lat' dir='ltr'><strong>decedente</strong></span> <span class='ocrx_word' id='word_1_195' title='bbox 877 2759 1018 2844; x_wconf 90' lang='lat' dir='ltr'><strong>colloqui</strong></span> <span class='ocrx_word' id='word_1_196' title='bbox 1043 2762 1150 2843; x_wconf 91' lang='lat' dir='ltr'><strong>cupiit,</strong></span> <span class='ocrx_word' id='word_1_197' title='bbox 1176 2782 1240 2823; x_wconf 90' lang='lat' dir='ltr'><strong>non</strong></span> <span class='ocrx_word' id='word_1_198' title='bbox 1267 2771 1354 2824; x_wconf 90' lang='lat' dir='ltr'><strong>esset</strong></span> 
     </span>
     <span class='ocr_line' id='line_1_24' title="bbox 175 2849 1354 2952; baseline 0.001 -23"><span class='ocrx_word' id='word_1_199' title='bbox 175 2870 307 2942; x_wconf 90' lang='lat' dir='ltr'><strong>nescius,</strong></span> <span class='ocrx_word' id='word_1_200' title='bbox 334 2889 398 2952; x_wconf 93' lang='lat' dir='ltr'><strong>quo</strong></span> <span class='ocrx_word' id='word_1_201' title='bbox 423 2869 497 2931; x_wconf 92' lang='lat' dir='ltr'><strong>loco</strong></span> <span class='ocrx_word' id='word_1_202' title='bbox 520 2889 556 2930; x_wconf 89' lang='lat' dir='ltr'><strong>se</strong></span> <span class='ocrx_word' id='word_1_203' title='bbox 569 2867 740 2938; x_wconf 84' lang='lat' dir='ltr'><strong>convenire</strong></span> <span class='ocrx_word' id='word_1_204' title='bbox 754 2849 887 2948; x_wconf 86' lang='lat' dir='ltr'><strong>posset.¹</strong></span> <span class='ocrx_word' id='word_1_205' title='bbox 904 2867 967 2929; x_wconf 89' lang='lat' dir='ltr'><strong>Hic</strong></span> <span class='ocrx_word' id='word_1_206' title='bbox 985 2888 1063 2930; x_wconf 88' lang='lat' dir='ltr'><strong>vero</strong></span> <span class='ocrx_word' id='word_1_207' title='bbox 1077 2868 1213 2930; x_wconf 90' lang='lat' dir='ltr'><strong>moleste</strong></span> <span class='ocrx_word' id='word_1_208' title='bbox 1229 2867 1354 2931; x_wconf 82' lang='lat' dir='ltr'><strong>ferebat</strong></span> 
     </span>
     <span class='ocr_line' id='line_1_25' title="bbox 175 2974 1353 3038; baseline 0 -2"><span class='ocrx_word' id='word_1_209' title='bbox 175 2975 364 3038; x_wconf 91' lang='lat' dir='ltr'><strong>Ciceronem</strong></span> <span class='ocrx_word' id='word_1_210' title='bbox 389 2975 449 3037; x_wconf 90' lang='lat' dir='ltr'><strong>sibi</strong></span> <span class='ocrx_word' id='word_1_211' title='bbox 479 2975 682 3037; x_wconf 88' lang='lat' dir='ltr'><strong>successisse.</strong></span> <span class='ocrx_word' id='word_1_212' title='bbox 705 2975 834 3036; x_wconf 89' lang='lat' dir='ltr'><strong>Recens</strong></span> <span class='ocrx_word' id='word_1_213' title='bbox 856 2982 925 3036; x_wconf 92' lang='lat' dir='ltr'><strong>erat</strong></span> <span class='ocrx_word' id='word_1_214' title='bbox 945 2975 1100 3036; x_wconf 91' lang='lat' dir='ltr'><strong>memoria</strong></span> <span class='ocrx_word' id='word_1_215' title='bbox 1113 2974 1353 3038; x_wconf 91' lang='lat' dir='ltr'><strong>vehementium</strong></span> 
     </span>
     <span class='ocr_line' id='line_1_26' title="bbox 174 3067 1351 3162; baseline 0 -20"><span class='ocrx_word' id='word_1_216' title='bbox 174 3083 429 3156; x_wconf 85' lang='lat' dir='ltr'><strong>contentionum,</strong></span> <span class='ocrx_word' id='word_1_217' title='bbox 445 3101 527 3162; x_wconf 91' lang='lat' dir='ltr'><strong>quas</strong></span> <span class='ocrx_word' id='word_1_218' title='bbox 543 3079 657 3142; x_wconf 88' lang='lat' dir='ltr'><strong>Cicero</strong></span> <span class='ocrx_word' id='word_1_219' title='bbox 674 3067 748 3141; x_wconf 92' lang='lat' dir='ltr'><strong>cum</strong></span> <span class='ocrx_word' id='word_1_220' title='bbox 761 3080 829 3141; x_wconf 89' lang='lat' dir='ltr'><strong>eius</strong></span> <span class='ocrx_word' id='word_1_221' title='bbox 837 3079 934 3141; x_wconf 83' lang='lat' dir='ltr'><strong>fratre</strong></span> <span class='ocrx_word' id='word_1_222' title='bbox 944 3078 1069 3153; x_wconf 93' lang='lat' dir='ltr'><strong>Clodio,</strong></span> <span class='ocrx_word' id='word_1_223' title='bbox 1081 3100 1120 3141; x_wconf 92' lang='lat' dir='ltr'><strong>ne</strong></span> <span class='ocrx_word' id='word_1_224' title='bbox 1129 3089 1205 3161; x_wconf 90' lang='lat' dir='ltr'><strong>post</strong></span> <span class='ocrx_word' id='word_1_225' title='bbox 1216 3083 1351 3144; x_wconf 92' lang='lat' dir='ltr'><strong>caedem</strong></span> 
     </span>
     <span class='ocr_line' id='line_1_27' title="bbox 174 3184 1352 3269; baseline -0.003 -18"><span class='ocrx_word' id='word_1_226' title='bbox 174 3191 305 3269; x_wconf 89' lang='lat' dir='ltr'><strong>quidem</strong></span> <span class='ocrx_word' id='word_1_227' title='bbox 316 3188 524 3260; x_wconf 71' lang='lat' dir='ltr'><strong>intermissas</strong></span> <span class='ocrx_word' id='word_1_228' title='bbox 537 3186 714 3260; x_wconf 89' lang='lat' dir='ltr'><strong>habuerat;</strong></span> <span class='ocrx_word' id='word_1_229' title='bbox 738 3185 966 3247; x_wconf 86' lang='lat' dir='ltr'><strong>offendebatur</strong></span> <span class='ocrx_word' id='word_1_230' title='bbox 979 3184 1144 3247; x_wconf 87' lang='lat' dir='ltr'><strong>Ciceronis</strong></span> <span class='ocrx_word' id='word_1_231' title='bbox 1157 3187 1308 3248; x_wconf 90' lang='lat' dir='ltr'><strong>institutis</strong></span> <span class='ocrx_word' id='word_1_232' title='bbox 1321 3187 1352 3248; x_wconf 91' lang='lat' dir='ltr'><strong>in</strong></span> 
     </span>
     <span class='ocr_line' id='line_1_28' title="bbox 173 3291 1354 3377; baseline -0.004 -20"><span class='ocrx_word' id='word_1_233' title='bbox 173 3297 337 3377; x_wconf 88' lang='lat' dir='ltr'><strong>provincia</strong></span> <span class='ocrx_word' id='word_1_234' title='bbox 349 3295 572 3377; x_wconf 87' lang='lat' dir='ltr'><strong>gubernanda,</strong></span> <span class='ocrx_word' id='word_1_235' title='bbox 586 3301 619 3354; x_wconf 95' lang='lat' dir='ltr'><strong>et</strong></span> <span class='ocrx_word' id='word_1_236' title='bbox 628 3311 756 3353; x_wconf 88' lang='lat' dir='ltr'><strong>suarum</strong></span> <span class='ocrx_word' id='word_1_237' title='bbox 764 3292 924 3352; x_wconf 87' lang='lat' dir='ltr'><strong>rationum</strong></span> <span class='ocrx_word' id='word_1_238' title='bbox 935 3291 1193 3354; x_wconf 88' lang='lat' dir='ltr'><strong>dissimilitudine</strong></span> <span class='ocrx_word' id='word_1_239' title='bbox 1206 3293 1249 3376; x_wconf 90' lang='lat'><strong>1);</strong></span> <span class='ocrx_word' id='word_1_240' title='bbox 1263 3303 1354 3353; x_wconf 90' lang='lat' dir='ltr'><strong>erant</strong></span> 
     </span>
     <span class='ocr_line' id='line_1_29' title="bbox 174 3395 1353 3482; baseline -0.003 -18"><span class='ocrx_word' id='word_1_241' title='bbox 174 3425 215 3464; x_wconf 87' lang='lat' dir='ltr'><strong>ex</strong></span> <span class='ocrx_word' id='word_1_242' title='bbox 238 3402 359 3474; x_wconf 88' lang='lat' dir='ltr'><strong>amicis,</strong></span> <span class='ocrx_word' id='word_1_243' title='bbox 384 3401 438 3482; x_wconf 91' lang='lat' dir='ltr'><strong>qui</strong></span> <span class='ocrx_word' id='word_1_244' title='bbox 462 3400 492 3462; x_wconf 92' lang='lat' dir='ltr'><strong>ei</strong></span> <span class='ocrx_word' id='word_1_245' title='bbox 514 3400 762 3470; x_wconf 89' lang='lat' dir='ltr'><strong>insusurrarent,</strong></span> <span class='ocrx_word' id='word_1_246' title='bbox 784 3397 907 3459; x_wconf 91' lang='lat' dir='ltr'><strong>idcirco</strong></span> <span class='ocrx_word' id='word_1_247' title='bbox 926 3395 1116 3460; x_wconf 89' lang='lat' dir='ltr'><strong>Ciceronem</strong></span> <span class='ocrx_word' id='word_1_248' title='bbox 1135 3398 1219 3460; x_wconf 91' lang='lat' dir='ltr'><strong>bene</strong></span> <span class='ocrx_word' id='word_1_249' title='bbox 1243 3399 1353 3460; x_wconf 89' lang='lat' dir='ltr'><strong>audire</strong></span> 
     </span>
     <span class='ocr_line' id='line_1_30' title="bbox 173 3500 1350 3590; baseline -0.002 -22"><span class='ocrx_word' id='word_1_250' title='bbox 173 3501 262 3583; x_wconf 87' lang='lat' dir='ltr'><strong>velle,</strong></span> <span class='ocrx_word' id='word_1_251' title='bbox 289 3519 323 3571; x_wconf 94' lang='lat' dir='ltr'><strong>ut</strong></span> <span class='ocrx_word' id='word_1_252' title='bbox 346 3508 476 3590; x_wconf 81' lang='lat' dir='ltr'><strong>Appius</strong></span> <span class='ocrx_word' id='word_1_253' title='bbox 500 3505 583 3567; x_wconf 89' lang='lat' dir='ltr'><strong>male</strong></span> <span class='ocrx_word' id='word_1_254' title='bbox 606 3505 739 3566; x_wconf 89' lang='lat' dir='ltr'><strong>audiret.</strong></span> <span class='ocrx_word' id='word_1_255' title='bbox 766 3500 854 3584; x_wconf 85' lang='lat' dir='ltr'><strong>Quid</strong></span> <span class='ocrx_word' id='word_1_256' title='bbox 869 3503 987 3572; x_wconf 84' lang='lat' dir='ltr'><strong>multa?</strong></span> <span class='ocrx_word' id='word_1_257' title='bbox 1012 3505 1137 3568; x_wconf 86' lang='lat' dir='ltr'><strong>Oderat</strong></span> <span class='ocrx_word' id='word_1_258' title='bbox 1149 3504 1350 3578; x_wconf 88' lang='lat' dir='ltr'><strong>Ciceronem,</strong></span> 
     </span>
     <span class='ocr_line' id='line_1_31' title="bbox 174 3610 1351 3693; baseline -0.003 -17"><span class='ocrx_word' id='word_1_259' title='bbox 174 3626 206 3676; x_wconf 91' lang='lat' dir='ltr'><strong>et</strong></span> <span class='ocrx_word' id='word_1_260' title='bbox 240 3623 377 3676; x_wconf 90' lang='lat' dir='ltr'><strong>omnem</strong></span> <span class='ocrx_word' id='word_1_261' title='bbox 405 3614 496 3676; x_wconf 90' lang='lat' dir='ltr'><strong>dedit</strong></span> <span class='ocrx_word' id='word_1_262' title='bbox 530 3631 676 3693; x_wconf 91' lang='lat' dir='ltr'><strong>operam,</strong></span> <span class='ocrx_word' id='word_1_263' title='bbox 708 3620 742 3672; x_wconf 92' lang='lat' dir='ltr'><strong>ut</strong></span> <span class='ocrx_word' id='word_1_264' title='bbox 776 3610 843 3673; x_wconf 91' lang='lat' dir='ltr'><strong>eius</strong></span> <span class='ocrx_word' id='word_1_265' title='bbox 878 3612 1064 3692; x_wconf 85' lang='lat' dir='ltr'><strong>congressui</strong></span> <span class='ocrx_word' id='word_1_266' title='bbox 1090 3633 1124 3674; x_wconf 92' lang='lat' dir='ltr'><strong>se</strong></span> <span class='ocrx_word' id='word_1_267' title='bbox 1148 3612 1351 3685; x_wconf 87' lang='lat' dir='ltr'><strong>subduceret.</strong></span> 
     </span>
     <span class='ocr_line' id='line_1_32' title="bbox 174 3716 1353 3802; baseline 0.002 -24"><span class='ocrx_word' id='word_1_268' title='bbox 174 3719 242 3778; x_wconf 89' lang='lat' dir='ltr'><strong>lam</strong></span> <span class='ocrx_word' id='word_1_269' title='bbox 277 3718 308 3779; x_wconf 92' lang='lat' dir='ltr'><strong>in</strong></span> <span class='ocrx_word' id='word_1_270' title='bbox 342 3719 451 3782; x_wconf 91' lang='lat' dir='ltr'><strong>itinere</strong></span> <span class='ocrx_word' id='word_1_271' title='bbox 475 3719 633 3781; x_wconf 90' lang='lat' dir='ltr'><strong>Brundisii</strong></span> <span class='ocrx_word' id='word_1_272' title='bbox 658 3716 772 3779; x_wconf 92' lang='lat' dir='ltr'><strong>Cicero</strong></span> <span class='ocrx_word' id='word_1_273' title='bbox 797 3717 999 3796; x_wconf 85' lang='lat' dir='ltr'><strong>quaesiverat</strong></span> <span class='ocrx_word' id='word_1_274' title='bbox 1023 3723 1065 3779; x_wconf 88' lang='lat' dir='ltr'><strong>ex</strong></span> <span class='ocrx_word' id='word_1_275' title='bbox 1089 3717 1217 3792; x_wconf 91' lang='lat' dir='ltr'><strong>Phania,</strong></span> <span class='ocrx_word' id='word_1_276' title='bbox 1252 3719 1353 3802; x_wconf 80' lang='lat' dir='ltr'><strong>Appii</strong></span> 
     </span>
     <span class='ocr_line' id='line_1_33' title="bbox 175 3812 1354 3909; baseline 0.005 -27"><span class='ocrx_word' id='word_1_277' title='bbox 175 3821 300 3902; x_wconf 81' lang='lat' dir='ltr'><strong>liberto,</strong></span> <span class='ocrx_word' id='word_1_278' title='bbox 325 3824 357 3884; x_wconf 92' lang='lat' dir='ltr'><strong>in</strong></span> <span class='ocrx_word' id='word_1_279' title='bbox 380 3812 476 3904; x_wconf 88' lang='lat' dir='ltr'><strong>quam</strong></span> <span class='ocrx_word' id='word_1_280' title='bbox 499 3823 684 3906; x_wconf 90' lang='lat' dir='ltr'><strong>provinciae</strong></span> <span class='ocrx_word' id='word_1_281' title='bbox 708 3831 835 3904; x_wconf 91' lang='lat' dir='ltr'><strong>partem</strong></span> <span class='ocrx_word' id='word_1_282' title='bbox 860 3822 1070 3904; x_wconf 88' lang='lat' dir='ltr'><strong>proficiscens</strong></span> <span class='ocrx_word' id='word_1_283' title='bbox 1086 3826 1227 3888; x_wconf 86' lang='lat' dir='ltr'><strong>maxime</strong></span> <span class='ocrx_word' id='word_1_284' title='bbox 1240 3825 1354 3909; x_wconf 91' lang='lat' dir='ltr'><strong>Appio</strong></span> 
     </span>
     <span class='ocr_line' id='line_1_34' title="bbox 175 3929 1353 4011; baseline 0.005 -22"><span class='ocrx_word' id='word_1_285' title='bbox 175 3936 301 4008; x_wconf 83' lang='lat' dir='ltr'><strong>gratum</strong></span> <span class='ocrx_word' id='word_1_286' title='bbox 326 3938 411 3991; x_wconf 91' lang='lat' dir='ltr'><strong>esset</strong></span> <span class='ocrx_word' id='word_1_287' title='bbox 435 3929 592 3993; x_wconf 79' lang='lat' dir='ltr'><strong>tacturus:</strong></span> <span class='ocrx_word' id='word_1_288' title='bbox 618 3930 672 4011; x_wconf 91' lang='lat' dir='ltr'><strong>qui</strong></span> <span class='ocrx_word' id='word_1_289' title='bbox 697 3949 795 4010; x_wconf 91' lang='lat' dir='ltr'><strong>quum</strong></span> <span class='ocrx_word' id='word_1_290' title='bbox 819 3931 1052 4011; x_wconf 89' lang='lat' dir='ltr'><strong>respondisset,</strong></span> <span class='ocrx_word' id='word_1_291' title='bbox 1078 3932 1119 3993; x_wconf 93' lang='lat' dir='ltr'><strong>ad</strong></span> <span class='ocrx_word' id='word_1_292' title='bbox 1145 3931 1257 3994; x_wconf 92' lang='lat' dir='ltr'><strong>Sidam</strong></span> <span class='ocrx_word' id='word_1_293' title='bbox 1281 3953 1353 3995; x_wconf 90' lang='lat' dir='ltr'><strong>esse</strong></span> 
     </span>
     <span class='ocr_line' id='line_1_35' title="bbox 175 4034 1352 4117; baseline 0.003 -20"><span class='ocrx_word' id='word_1_294' title='bbox 175 4037 402 4117; x_wconf 86' lang='lat' dir='ltr'><strong>navigandum,</strong></span> <span class='ocrx_word' id='word_1_295' title='bbox 435 4057 476 4100; x_wconf 91' lang='lat' dir='ltr'><strong>eo</strong></span> <span class='ocrx_word' id='word_1_296' title='bbox 512 4037 597 4098; x_wconf 90' lang='lat' dir='ltr'><strong>enim</strong></span> <span class='ocrx_word' id='word_1_297' title='bbox 632 4034 777 4117; x_wconf 90' lang='lat' dir='ltr'><strong>Appium</strong></span> <span class='ocrx_word' id='word_1_298' title='bbox 813 4055 886 4098; x_wconf 88' lang='lat' dir='ltr'><strong>esse</strong></span> <span class='ocrx_word' id='word_1_299' title='bbox 912 4046 1088 4110; x_wconf 87' lang='lat' dir='ltr'><strong>venturum,</strong></span> <span class='ocrx_word' id='word_1_300' title='bbox 1128 4035 1241 4099; x_wconf 88' lang='lat' dir='ltr'><strong>Cicero</strong></span> <span class='ocrx_word' id='word_1_301' title='bbox 1266 4049 1352 4100; x_wconf 89' lang='lat' dir='ltr'><strong>certe</strong></span> 
     </span>
     <span class='ocr_line' id='line_1_36' title="bbox 176 4141 1351 4225; baseline 0.002 -21"><span class='ocrx_word' id='word_1_302' title='bbox 176 4163 299 4206; x_wconf 93' lang='lat' dir='ltr'><strong>morem</strong></span> <span class='ocrx_word' id='word_1_303' title='bbox 322 4145 487 4225; x_wconf 87' lang='lat' dir='ltr'><strong>gessisset,</strong></span> <span class='ocrx_word' id='word_1_304' title='bbox 524 4144 582 4204; x_wconf 92' lang='lat' dir='ltr'><strong>nisi</strong></span> <span class='ocrx_word' id='word_1_305' title='bbox 606 4141 769 4223; x_wconf 92' lang='lat' dir='ltr'><strong>Corcyrae</strong></span> <span class='ocrx_word' id='word_1_306' title='bbox 793 4163 812 4204; x_wconf 90' lang='lat' dir='ltr'><strong>a</strong></span> <span class='ocrx_word' id='word_1_307' title='bbox 835 4143 871 4204; x_wconf 93' lang='lat' dir='ltr'><strong>L.</strong></span> <span class='ocrx_word' id='word_1_308' title='bbox 900 4141 1015 4204; x_wconf 90' lang='lat' dir='ltr'><strong>Clodio</strong></span> <span class='ocrx_word' id='word_1_309' title='bbox 1039 4144 1156 4205; x_wconf 88' lang='lat' dir='ltr'><strong>certior</strong></span> <span class='ocrx_word' id='word_1_310' title='bbox 1179 4153 1265 4206; x_wconf 89' lang='lat' dir='ltr'><strong>esset</strong></span> <span class='ocrx_word' id='word_1_311' title='bbox 1289 4143 1351 4206; x_wconf 84' lang='lat' dir='ltr'><strong>fac-</strong></span> 
     </span>
     <span class='ocr_line' id='line_1_37' title="bbox 174 4247 1350 4331; baseline -0.001 -19"><span class='ocrx_word' id='word_1_312' title='bbox 174 4261 234 4325; x_wconf 75' lang='lat' dir='ltr'><strong>tuS,</strong></span> <span class='ocrx_word' id='word_1_313' title='bbox 267 4252 451 4314; x_wconf 88' lang='lat' dir='ltr'><strong>Laodiceae</strong></span> <span class='ocrx_word' id='word_1_314' title='bbox 487 4249 632 4331; x_wconf 83' lang='lat' dir='ltr'><strong>Appium</strong></span> <span class='ocrx_word' id='word_1_315' title='bbox 667 4248 861 4309; x_wconf 87' lang='lat' dir='ltr'><strong>successoris</strong></span> <span class='ocrx_word' id='word_1_316' title='bbox 888 4247 1065 4309; x_wconf 86' lang='lat' dir='ltr'><strong>adventum</strong></span> <span class='ocrx_word' id='word_1_317' title='bbox 1092 4260 1292 4330; x_wconf 86' lang='lat' dir='ltr'><strong>exspectare.</strong></span> <span class='ocrx_word' id='word_1_318' title='bbox 1319 4253 1350 4331; x_wconf 84' lang='lat'><strong>2)</strong></span> 
     </span>
    </p>
   </div>
   <div class='ocr_carea' id='block_1_3' title="bbox 167 4394 1354 4554">
    <p class='ocr_par' dir='ltr' id='par_1_4' title="bbox 167 4394 1354 4554">
     <span class='ocr_line' id='line_1_38' title="bbox 215 4394 1353 4461; baseline -0.005 -13"><span class='ocrx_word' id='word_1_319' title='bbox 215 4405 237 4461; x_wconf 91' lang='lat'><strong>1)</strong></span> <span class='ocrx_word' id='word_1_320' title='bbox 255 4402 292 4450; x_wconf 89' lang='lat' dir='ltr'><strong>Cs.</strong></span> <span class='ocrx_word' id='word_1_321' title='bbox 313 4402 346 4450; x_wconf 90' lang='lat' dir='ltr'><strong>ad</strong></span> <span class='ocrx_word' id='word_1_322' title='bbox 364 4403 418 4452; x_wconf 84' lang='lat' dir='ltr'><strong>Art.</strong></span> <span class='ocrx_word' id='word_1_323' title='bbox 439 4401 484 4449; x_wconf 92' lang='lat' dir='ltr'><strong>IV.</strong></span> <span class='ocrx_word' id='word_1_324' title='bbox 509 4413 530 4448; x_wconf 92' lang='lat'><strong>1.</strong></span> <span class='ocrx_word' id='word_1_325' title='bbox 551 4413 575 4450; x_wconf 87' lang='lat'><strong>2.</strong></span> <span class='ocrx_word' id='word_1_326' title='bbox 597 4399 689 4459; x_wconf 83' lang='lat' dir='ltr'><strong>„Quid</strong></span> <span class='ocrx_word' id='word_1_327' title='bbox 705 4397 771 4446; x_wconf 83' lang='lat' dir='ltr'><strong>enim</strong></span> <span class='ocrx_word' id='word_1_328' title='bbox 782 4403 866 4460; x_wconf 79' lang='lat' dir='ltr'><strong>potest</strong></span> <span class='ocrx_word' id='word_1_329' title='bbox 887 4410 935 4442; x_wconf 84' lang='lat' dir='ltr'><strong>esse</strong></span> <span class='ocrx_word' id='word_1_330' title='bbox 954 4403 1006 4442; x_wconf 85' lang='lat' dir='ltr'><strong>tam</strong></span> <span class='ocrx_word' id='word_1_331' title='bbox 1024 4394 1142 4443; x_wconf 82' lang='lat' dir='ltr'><strong>dissimile</strong></span> <span class='ocrx_word' id='word_1_332' title='bbox 1159 4411 1236 4459; x_wconf 84' lang='lat' dir='ltr'><strong>quom</strong></span> <span class='ocrx_word' id='word_1_333' title='bbox 1255 4395 1353 4442; x_wconf 84' lang='lat' dir='ltr'><strong>illor&#39;m-</strong></span> 
     </span>
     <span class='ocr_line' id='line_1_39' title="bbox 167 4482 1354 4554; baseline -0.008 -18"><span class='ocrx_word' id='word_1_334' title='bbox 167 4499 277 4554; x_wconf 82' lang='lat' dir='ltr'><strong>perante</strong></span> <span class='ocrx_word' id='word_1_335' title='bbox 295 4491 444 4538; x_wconf 79' lang='lat' dir='ltr'><strong>exhaustam</strong></span> <span class='ocrx_word' id='word_1_336' title='bbox 465 4505 514 4536; x_wconf 80' lang='lat' dir='ltr'><strong>esse</strong></span> <span class='ocrx_word' id='word_1_337' title='bbox 531 4486 669 4550; x_wconf 77' lang='lat' dir='ltr'><strong>sumptibus</strong></span> <span class='ocrx_word' id='word_1_338' title='bbox 687 4495 711 4532; x_wconf 82' lang='lat' dir='ltr'><strong>et</strong></span> <span class='ocrx_word' id='word_1_339' title='bbox 727 4484 833 4533; x_wconf 81' lang='lat' dir='ltr'><strong>iacturis</strong></span> <span class='ocrx_word' id='word_1_340' title='bbox 847 4482 1019 4548; x_wconf 81' lang='lat' dir='ltr'><strong>provinciam,</strong></span> <span class='ocrx_word' id='word_1_341' title='bbox 1041 4482 1110 4530; x_wconf 76' lang='lat' dir='ltr'><strong>uobis</strong></span> <span class='ocrx_word' id='word_1_342' title='bbox 1127 4499 1181 4530; x_wconf 80' lang='lat' dir='ltr'><strong>earu</strong></span> <span class='ocrx_word' id='word_1_343' title='bbox 1192 4483 1354 4530; x_wconf 76' lang='lat' dir='ltr'><strong>obtinentibus</strong></span> 
     </span>
    </p>
   </div>
   <div class='ocr_carea' id='block_1_4' title="bbox 176 4569 1045 4728">
    <p class='ocr_par' dir='ltr' id='par_1_5' title="bbox 176 4569 1045 4728">
     <span class='ocr_line' id='line_1_40' title="bbox 176 4569 1045 4639; baseline -0.005 -15"><span class='ocrx_word' id='word_1_344' title='bbox 176 4595 310 4626; x_wconf 83' lang='lat' dir='ltr'><strong>nurnmum</strong></span> <span class='ocrx_word' id='word_1_345' title='bbox 332 4579 432 4626; x_wconf 83' lang='lat' dir='ltr'><strong>nullum</strong></span> <span class='ocrx_word' id='word_1_346' title='bbox 453 4594 501 4625; x_wconf 84' lang='lat' dir='ltr'><strong>esse</strong></span> <span class='ocrx_word' id='word_1_347' title='bbox 519 4584 648 4639; x_wconf 76' lang='lat' dir='ltr'><strong>erogatum</strong></span> <span class='ocrx_word' id='word_1_348' title='bbox 658 4591 701 4622; x_wconf 81' lang='lat' dir='ltr'><strong>nec</strong></span> <span class='ocrx_word' id='word_1_349' title='bbox 711 4573 839 4637; x_wconf 74' lang='lat' dir='ltr'><strong>privatim</strong></span> <span class='ocrx_word' id='word_1_350' title='bbox 850 4589 893 4620; x_wconf 83' lang='lat' dir='ltr'><strong>nec</strong></span> <span class='ocrx_word' id='word_1_351' title='bbox 904 4569 1045 4635; x_wconf 77' lang='lat' dir='ltr'><strong>jlrrblice?”</strong></span> 
     </span>
     <span class='ocr_line' id='line_1_41' title="bbox 216 4665 605 4728; baseline 0.008 -15"><span class='ocrx_word' id='word_1_352' title='bbox 216 4679 230 4713; x_wconf 89' lang='lat'><strong>2</strong></span> <span class='ocrx_word' id='word_1_353' title='bbox 265 4667 303 4715; x_wconf 87' lang='lat' dir='ltr'><strong>Cs.</strong></span> <span class='ocrx_word' id='word_1_354' title='bbox 323 4667 355 4715; x_wconf 88' lang='lat' dir='ltr'><strong>ad</strong></span> <span class='ocrx_word' id='word_1_355' title='bbox 375 4669 445 4716; x_wconf 85' lang='lat' dir='ltr'><strong>Fam.</strong></span> <span class='ocrx_word' id='word_1_356' title='bbox 467 4667 515 4714; x_wconf 92' lang='grc' dir='ltr'>ΙΙΙ,</span> <span class='ocrx_word' id='word_1_357' title='bbox 537 4677 559 4728; x_wconf 85' lang='grc'><strong>5.</strong></span> <span class='ocrx_word' id='word_1_358' title='bbox 580 4665 605 4716; x_wconf 88' lang='grc'><strong>6.</strong></span> 
     </span>
    </p>
   </div>
   <div class='ocr_carea' id='block_1_5' title="bbox 0 0 1652 5259">
    <p class='ocr_par' dir='ltr' id='par_1_6' title="bbox 0 0 1652 5259">
     <span class='ocr_line' id='line_1_42' title="bbox 0 0 1652 5259; baseline 0 0"><span class='ocrx_word' id='word_1_359' title='bbox 0 0 1652 5259; x_wconf 95' lang='lat' dir='ltr'><strong> </strong></span> 
     </span>
    </p>
   </div>
  </div>
 </body>
</html>
