3292 5259
867 317 905 387 84

294 503 392 560 esset
432 485 635 581 dissipatus
677 500 714 558 et
742 485 897 583 quinque
926 484 1094 558 cohortes
1123 485 1199 558 sine
1227 483 1361 582 legat0,
1398 486 1476 558 sine

295 611 437 684 tribuno
465 607 625 698 militum,
656 609 732 682 sine
760 608 967 680 centurione
995 605 1077 696 ullu,
1103 609 1267 681 aceteris
1281 609 1473 698 seiunctae,

296 735 393 832 apud
425 731 672 806 Philomelium
709 733 967 807 consedissent.
1006 737 1039 829 1)
1098 734 1267 832 Denique
1296 734 1477 806 desidera-

296 861 425 932 bantur
452 873 540 930 tres‘
553 856 719 929 cohortes
746 843 1000 951 plenissimae,
1016 883 1107 955 quas
1135 860 1182 931 ab
1208 858 1332 954 Appio
1358 858 1476 934 dimis-

191 973 200 982 ”
297 1007 356 1054 sas
397 981 503 1053 luisse
536 981 610 1054 veri
649 977 763 1053 simile
791 994 857 1053 est.
893 983 927 1076 2)
987 980 1111 1079 ltaque
1140 981 1302 1054 intanta
1327 980 1477 1054 militum

296 1106 477 1202 paucitate
515 1105 643 1178 Cicero
680 1102 762 1176 nihil
794 1104 918 1178 habuit
944 1105 1132 1203 antiquius
1171 1102 1281 1205 quam
1309 1123 1347 1179 ut
1374 1133 1477 1203 para-

298 1246 352 1302 ret
377 1245 415 1302 et
442 1229 631 1331 expediret
658 1255 713 1316 ea,
748 1255 843 1326 quae
871 1230 918 1302 ad
947 1231 1143 1302 exercitum
1171 1246 1209 1303 et
1237 1231 1284 1303 ad
1312 1257 1388 1304 rem
1404 1232 1477 1303 'mi-

297 1352 437 1426 litarem
476 1354 704 1450 pertinerent.
762 1354 812 1426 M.
857 1355 1001 1429 Anneio
1041 1354 1165 1454 legato
1202 1357 1401 1453 imperavit,
1438 1373 1478 1430 ut

298 1478 454 1575 quinque
491 1475 555 1548 illis
583 1477 789 1551 cohortibus
817 1479 865 1551 ad
892 1476 1067 1577 reliquum
1092 1481 1289 1553 exercitum
1314 1475 1478 1555 deductis

299 1619 417 1675 castra
445 1603 480 1673 in
507 1603 692 1697 Lycaonia
710 1603 808 1699 apud
826 1605 983 1696 leonium
1003 1604 1155 1696 iaceret,
1183 1606 1259 1703 ipse
1282 1609 1318 1702 3)
1341 1607 1479 1679 interea

299 1753 345 1799 ex
386 1726 695 1801 senatusconsulto
730 1728 852 1824 coegit
883 1727 1023 1801 firmam
1054 1755 1199 1802 manum
1232 1746 1476 1820 evocatorum,

299 1853 496 1950 equitatum
537 1852 624 1924 satis
661 1876 844 1948 magnum,
884 1867 922 1926 et
957 1877 1086 1948 regum
1121 1853 1310 1930 ,sociorum
1348 1852 1480 1927 auxilia

299 1975 507 2049 voluntaria.
565 1977 651 2070 Quo
685 1976 781 2049 lacto
815 1977 863 2049 ad
891 1993 1008 2050 castra
1036 2004 1076 2050 se
1105 1976 1261 2067 contulit,
1297 1994 1354 2066 ut,
1391 1979 1479 2050 dum

300 2102 380 2175 anni
408 2107 551 2197 tempus
579 2117 676 2174 esset
701 2102 890 2190 idoneum,
921 2100 1054 2200 aliquid
1082 2104 1218 2199 negotii
1246 2129 1376 2200 gerere
1397 2129 1480 2200 pos·

300 2241 365 2296 set.
422 2224 596 2297 Habebat
631 2225 665 2297 in
701 2225 832 2313 anima,
869 2226 1046 2324 siquidem
1084 2226 1203 2299 Parthi
1238 2225 1331 2299 nihil
1358 2255 1479 2301 move-

300 2350 396 2437 bant,
428 2350 645 2422 contendere
682 2350 729 2422 ad
770 2350 943 2440 Taurum,
981 2351 1100 2448 ibique
1128 2351 1174 2424 de
1204 2352 1324 2425 medio
1353 2351 1479 2426 tollere

300 2472 477 2546 latronum
509 2474 638 2546 ducem
675 2475 949 2571 Moeragenem,
992 2477 1039 2548 ad
1077 2502 1185 2574 quem
1214 2502 1339 2550 servus
1367 2479 1479 2551 Attici

301 2598 522 2693 confugerat,
562 2600 601 2693 4)
639 2596 770 2670 deinde
804 2599 1002 2671 exercitum
1040 2599 1173 2672 ducere
1207 2601 1254 2674 ad
1283 2601 1477 2691 Amanum,

300 2746 449 2816 sperans
477 2721 553 2794 sore
580 2736 628 2810 ut,
658 2722 827 2819 gentibus
849 2723 1027 2795 montanis
1042 2724 1202 2813 devictis
1221 2724 1378 2799 lauream
1395 2727 1480 2799 inde

302 2845 521 2942 deportaret.

354 2970 539 3042 Laodicea
583 2969 763 3066 proiectus
791 2994 822 3042 a.
854 2969 889 3041 d.
920 2970 964 3040 lll
992 2971 1086 3044 Non.
1132 2972 1276 3046 Sextilis
1304 2975 1371 3047 iter
1398 2975 1482 3047 lecit

301 3094 349 3166 ad
376 3111 493 3167 castra
520 3120 586 3190 per
613 3095 748 3191 oppida
776 3094 993 3191 Apameam,
1024 3096 1207 3191 Synnada,
1229 3097 1482 3172 Philomelium

301 3234 338 3290 et
373 3218 540 3306 leonium,
579 3219 706 3316 quibus
742 3217 830 3291 locis
862 3220 973 3291 breve
1008 3235 1150 3316 tempus
1184 3225 1404 3319 consumpsit
1445 3225 1482 3296 in

301 3356 478 3412 conventu
506 3341 662 3436 agendo.
719 3341 895 3414 Triduum
927 3345 963 3438 5)
995 3343 1186 3439 Apameae
1211 3364 1371 3420 moratus
1391 3375 1422 3422 a.
1442 3351 1478 3422 d.

339 3550 364 3619 1)
383 3551 421 3602 Cf.
444 3552 477 3600 ad
496 3552 565 3602 Fam.
586 3551 642 3601 XV.
662 3566 687 3612 4.
709 3565 732 3600 2.

325 3645 363 3695 ¹2)
383 3639 450 3688 Vide
468 3639 650 3689 dissertationis
668 3656 727 3705 pag.
747 3639 788 3688 82.

337 3731 362 3789 3)
381 3727 419 3776 Cf.
438 3727 479 3776 ad.
499 3729 568 3779 Fam.
588 3729 644 3786 XV.
666 3744 691 3789 4.

337 3815 660 3879 affimmwm

338 3908 363 3966 5)
391 3904 431 3952 De
447 3920 552 3952 numero
572 3904 676 3963 dierum,
696 3921 761 3968 quos
780 3905 805 3952 in
825 3906 930 3971 singulis
949 3910 1051 3959 urbibus
1071 3911 1196 3976 impendit
1215 3917 1350 3964 conventui
1365 3919 1481 3981 agend0,

299 3992 346 4040 tria
368 4000 464 4041 exstant
482 3993 509 4040 in
529 3993 658 4041 Ciceronis
677 3993 791 4057 epistolis
810 3995 954 4045 testimonia
973 3999 1079 4048 multum
1099 4001 1274 4066 discrepantia.
1295 4021 1317 4054 a.
1338 4005 1361 4054 d.
1383 4007 1480 4061 1111d.

300 4082 376 4139 Sext,
396 4097 453 4129 cum
472 4088 536 4130 esset
554 4081 579 4129 in
599 4081 687 4130 itinere
705 4098 720 4130 a
739 4082 863 4146 Synnadis
882 4086 915 4133 ad
934 4086 1123 4148 Philomelium,
1143 4091 1241 4156 scripsit
1259 4093 1292 4141 ad
1302 4095 1413 4143 Atticum
1429 4097 1480 4165 (h,

303 4170 343 4224 16,
373 4177 409 4235 2.)
429 4169 472 4227 „in
485 4170 647 4234 provinciam
668 4187 711 4219 nas
729 4173 821 4221 venisse
837 4175 895 4224 scita
907 4177 980 4239 prid.
1000 4178 1062 4231 Kal.
1086 4181 1163 4239 Sext,
1184 4191 1292 4231 irroratos
1312 4186 1478 4236 triduum

299 4258 444 4326 Laodiceae,
462 4259 625 4308 triduum
643 4262 777 4324 Apameae,
797 4264 956 4313 totidem
977 4267 1056 4316 dies
1076 4269 1221 4332 ,Synnades
1259 4273 1290 4324 In
1308 4275 1357 4324 alia
1367 4277 1478 4339 epistola

246 4363 249 4371 ·
299 4347 357 4396 data
384 4347 417 4395 ad
446 4348 553 4396 eundem
571 4345 618 4416 (V.
639 4361 680 4403 20,
707 4354 738 4411 1.)
756 4368 778 4402 a.
799 4352 823 4403 d.
844 4354 915 4408 XIV,
936 4355 996 4409 Kal.
1018 4357 1070 4410 lan.
1091 4359 1216 4423 legimus:
1237 4363 1405 4418 „Laodiceam
1416 4367 1479 4428 pri-

298 4436 337 4483 die
355 4436 416 4486 Kal.
438 4436 542 4484 Sextiles
559 4437 680 4491 venimus,
699 4438 742 4486 Ibi
756 4441 850 4488 ritarati
870 4442 1018 4492 biduum
1032 4442 1195 4508 perillustres
1206 4450 1477 4518 suinmslronoriſscis-

280 4540 345 4586 -que
372 4524 454 4572 verbis
481 4541 562 4573 enarres
589 4525 700 4573 iniurias
729 4529 872 4577 revellimus
899 4533 1040 4594 superiores
1049 4551 1061 4590 ,·
1088 4537 1156 4599 quad
1181 4538 1244 4586 ideae
1273 4540 1329 4589 dein
1349 4543 1478 4606 Apaareae

298 4612 462 4676 quinque
480 4613 561 4662 dies
580 4614 847 4679 moralietSyrmadis
866 4619 1015 4682 triduum,
1026 4623 1173 4673 Philomelii
1190 4629 1358 4693 quinque
1376 4632 1477 4693 dies,
