3292 5259
771 390 803 429 11

196 557 252 614 tus
304 543 362 638 q?
408 542 459 615 nt
504 541 601 615 uem
634 541 832 615 admodum
860 540 1046 638 probabile
1074 560 1112 617 et
1139 540 1307 618 credibile
1335 516 1370 617 rn'

196 667 340 740 homine
376 667 541 756 barbam,
582 667 642 764 qui
669 667 858 763 regionem
885 668 1031 741 Mediae
1059 668 1244 743 finitimam
1271 670 1368 743 habi-

196 793 299 865 taret.
339 793 412 864 Vix
448 794 556 891 igitur
592 820 650 867 me
678 794 815 867 retineo
845 794 928 891 quin
954 796 1114 892 suspicer
1140 796 1369 869 Crassianum

196 916 292 989 illum
333 916 480 991 militem
519 944 715 1016 numquam
756 920 946 1008 exstitisse,
989 921 1056 993 sed
1094 936 1224 1017 postea
1249 920 1370 993 fictum

164 1132 168 1138 Α
196 1066 287 1133 esse,
331 1058 370 1114 ut
405 1044 593 1117 Romanus
620 1043 797 1116 exercitus
826 1060 1011 1141 tamquam
1037 1044 1218 1135 miraculo,
1246 1044 1304 1119 vel
1332 1062 1372 1118 ut

195 1164 292 1240 Flori
317 1169 437 1241 verbis
462 1184 552 1257 utar,
588 1170 755 1241 »deorum
780 1167 1026 1243 mzberalz'one”
1044 1187 1207 1258 servatus
1226 1197 1307 1243 esse
1322 1172 1370 1245 vi-

196 1291 349 1365 deretur.
399 1295 433 1388 2)
462 1292 520 1364 Ne
546 1291 583 1364 id
609 1292 755 1388 quidem
781 1308 917 1365 certum
942 1294 1046 1383 duco,
1077 1319 1123 1368 an
1151 1321 1309 1392 unquam
1336 1294 1374 1367 in

194 1417 299 1489 Livio
333 1417 412 1514 ipso
445 1417 513 1489 ista
549 1415 668 1491 fabula
693 1414 786 1490 lecta
813 1418 874 1509 sit,
901 1399 976 1492 fieri
1001 1436 1133 1517 potest,
1162 1436 1201 1492 ut
1229 1417 1367 1510 FloruS,

196 1542 256 1638 qui
294 1566 439 1638 semper
469 1566 573 1631 nova,
603 1543 702 1631 mira,
733 1541 893 1616 inaudita
919 1559 1090 1641 stuperet,
1120 1542 1262 1618 aliunde
1288 1570 1370 1618 eam

196 1666 390 1740 adductam
420 1669 613 1743 narrationi
643 1668 859 1742 inseruerit

249 1791 337 1864 Utut
365 1790 400 1864 id
429 1809 494 1883 est,
525 1794 585 1867 ubi
605 1795 726 1867 onmia
744 1793 897 1891 egregie
916 1795 1140 1883 conveniunt,
1157 1819 1228 1867 una
1242 1820 1371 1892 excep·

173 1918 294 2017 tione
334 1918 503 2014 equidem
543 1944 614 1991 non
645 1919 811 2008 retineor,
847 1919 1037 2016 quominus
1065 1918 1207 1990 Livium
1232 1935 1269 1991 et
1294 1918 1370 1991 Plu-

195 2043 358 2117 tarchum
384 2069 431 2115 ex
454 2069 526 2116 uno
560 2059 596 2116 et
633 2043 765 2116 eodem
780 2043 879 2116 sonte
893 2043 1054 2116 hausisse
1068 2058 1235 2116 statuam.
1265 2043 1370 2137 Quae

197 2170 349 2242 sirecte
378 2184 415 2241 et
440 2169 565 2241 ordine
592 2168 774 2266 disputata
801 2183 892 2255 sunt,
921 2166 1025 2240 simul
1053 2168 1233 2256 evicimus,
1265 2165 1371 2241 Dellii

194 2294 449 2382 testimonium,
480 2318 502 2365 a
527 2293 708 2366 Strabone
734 2308 918 2365 servatum
946 2290 1136 2365 Plutarcho
1150 2292 1247 2365 haud
1265 2318 1371 2366 secus

194 2435 304 2515 atque
346 2418 450 2491 Livio
479 2419 665 2514 cognitum
691 2419 828 2509 luisse,
857 2418 966 2515 idque
995 2434 1167 2514 quantum
1195 2418 1372 2490 conducat

195 2545 243 2617 ad
282 2543 440 2616 Heereni
469 2544 711 2616 coniecturam
739 2542 1021 2616 confirmandam
1046 2542 1288 2639 unusquisque
1313 2539 1370 2615 vel

193 2670 302 2743 tacite
328 2669 412 2741 mihi
438 2669 622 2742 concedet.
1116 2750 1120 2753 ⁴

248 2794 324 2867 Sed
363 2792 466 2891 plura
500 2794 686 2871 accedunt.
741 2791 848 2866 Dellii
882 2793 1053 2866 historico
1072 2809 1196 2889 'opere
1225 2791 1371 2865 laudato

194 2919 327 2991 Strabo
363 2919 397 2989 in
424 2919 588 3014 proxime
614 2918 847 3016 sequentibus
875 2919 953 3014 agit
977 2918 1025 2989 de
1051 2917 1245 2990 Antoniani
1272 2943 1372 2990 exer-

195 3043 284 3114 citus
327 3039 508 3114 laboribus
548 3058 585 3115 et
611 3043 743 3115 itineris
772 3042 1056 3138 impedimentiS,
1087 3068 1182 3138 quae
1208 3068 1279 3115 non
1304 3041 1372 3116 loci

194 3181 343 3238 naturae
375 3165 547 3261 assignat,
579 3166 646 3239 sed
670 3166 886 3238 Artavasdis
907 3166 1099 3262 perfidiae,
1132 3169 1168 3263 3)
1198 3184 1292 3257 ὅστις
1310 3185 1399 3258 τὴν.

195 3281 261 3373 dard
287 3285 349 3339 τοῦ
380 3282 574 3354 Ζεύγματος
600 3279 682 3340 ὁδὸν
707 3286 772 3359 τοῦ,
796 3284 882 3339 κατὰ
907 3284 970 3340 τὸν
986 3274 1171 3358 Εὐφράτην
1188 3285 1290 3361 μέχρι
1307 3290 1370 3344 τοῦ

194 3390 666 3467 ἅψασθαιτῆςᾊτροαατηνῆς
685 3374 1009 3460 ὀκτααισχιλίων
1025 3394 1206 3449 σταδίων
1223 3390 1370 3465 ἐποίησε,

192 3497 296 3557 πλέον
312 3496 332 3572 ἢ
350 3502 531 3563 διπλασίαν
548 3502 606 3572 τῆς
626 3498 776 3570 εὐθείας,
794 3500 851 3557 διὰ
866 3495 958 3573 ὀρῶν
965 3502 1022 3555 καί
1032 3496 1179 3557 duodecin
1186 3503 1244 3557 καί
1252 3506 1371 3558 κυκλο-

193 3632 323 3702 πυρίας.
362 3612 474 3706 Quod
509 3613 752 3686 testimonium
780 3638 1002 3711 quamquam
1027 3618 1123 3710 unde
1147 3615 1301 3711 petitum
1325 3617 1372 3689 sit

195 3737 370 3827 reticetur,
413 3754 509 3811 recte
540 3755 577 3811 et
603 3739 678 3811 sine
704 3739 916 3811 temeritatis
946 3736 1050 3835 culpa
1076 3740 1258 3815 vindicare
1286 3741 1370 3814 mihi

195 3860 322 3933 videor
362 3862 480 3935 eidem
521 3862 567 3956 Q.
613 3860 732 3935 Dellio
770 3864 867 3937 cuius
894 3861 1061 3937 debello
1090 3864 1255 3937 Parthico
1281 3864 1371 3939 liber

194 3982 315 4082 paullo
344 3999 426 4057 ante
452 3986 584 4059 diserte
612 3988 738 4060 citatus
764 4003 829 4060 est.
852 3987 950 4081 Quid
965 4004 1086 4061 autem
1100 3986 1254 4087 legimus
1273 3991 1370 4087 apud

195 4107 444 4182 Plutarchum?
471 4110 559 4208 Cap.
592 4116 638 4205 38
670 4142 676 4184 :
707 4134 865 4204 ,mom
882 4132 945 4201 μὲν
962 4115 1025 4188 οὖν
1042 4128 1149 4189 αὐτοῦ
1167 4129 1370 4209 δίονένἊρ-

196 4265 382 4276 ,ιι-

236 4328 261 4407 i)
300 4340 337 4389 cr.
368 4340 432 4389 eun.
462 4340 498 4389 H.
527 4342 561 4389 Ν.
588 4342 635 4391 vr.
667 4342 715 4391 16:
745 4343 833 4401 „urbo
855 4345 993 4409 amoueo
1011 4347 1265 4397 circumcursans
1284 4350 1369 4401 arar.

196 4429 229 4476 In
247 4430 312 4477 leam
335 4428 427 4477 Orodes
446 4430 572 4477 Romanos
594 4431 721 4479 Cras-rana
738 4431 806 4480 clade
825 4440 906 4497 captos
926 4433 1056 4485 deduxit.'’

234 4524 262 4585 2)
300 4520 478 4569 Confitendum
497 4528 542 4580 est,
561 4521 626 4569 hanc
644 4520 755 4569 fabulam
775 4522 844 4570 haud
862 4523 942 4572 multo
961 4532 1020 4589 post
1029 4525 1125 4574 bellum
1135 4525 1277 4573 Parthicum
1287 4532 1371 4575 natam

198 4628 260 4671 esse,
279 4611 373 4677 quippe
391 4627 466 4677 quam
484 4612 534 4660 iam
552 4611 666 4660 Velleius
688 4612 723 4670 II,
744 4610 777 4659 82
800 4621 989 4697 commempret.

235 4698 261 4763 3)
297 4700 388 4756 Strabo
408 4711 467 4772 524.
