3292 5259
815 322 873 396 ‚99

265 509 373 581 quem
405 484 580 557 honorem
610 529 659 540 —
680 485 887 560 incredibile
902 489 998 562 dictu
1014 537 1063 546 -
1079 517 1206 566 revera
1225 493 1437 590 impetravit,

265 607 373 704 idque
399 623 474 680 tam
500 607 704 697 honorifice,
736 625 774 682 ut
801 610 848 684 de
875 627 954 686 toto
982 631 1109 687 senatu
1131 631 1205 688 tres
1220 631 1357 691 tantum
1376 607 1440 694 viri

264 730 411 803 decreto
458 732 684 820 obsisterent,
725 734 817 807 inter
856 761 920 808 eos
957 737 1006 809 M.
1038 739 1143 828 Cato,
1183 742 1242 839 qui
1277 746 1439 842 quamvis

264 842 512 953 gratulationis
540 874 638 932 esset
656 860 849 949 dissuasor,
874 877 996 934 tamen
1022 863 1204 939 Ciceronis
1219 868 1439 945 administra·

264 982 399 1055 tionem
425 982 552 1055 divinis
575 984 715 1057 ornavit
744 983 928 1075 laudibus,
945 987 1028 1084 quin
1044 988 1152 1061 etiam
1167 994 1330 1089 -quod
1352 1020 1438 1068 sane

263 1107 458 1203 permirum
484 1122 522 1180 et
548 1106 726 1180 insolitum
755 1125 835 1182 erat
862 1155 912 1164 —
941 1111 1132 1185 scribendo
1156 1115 1439 1192 adluitsenatus·

234 1317 237 1320 ⁴
264 1229 427 1302 consulto
452 1232 547 1303 lacto
573 1246 697 1304 contra
721 1257 823 1305 suam
852 1231 1083 1308 voluntatem.
1121 1240 1153 1333 1)

315 1355 458 1459 Romae
484 1355 621 1428 interea
649 1356 684 1428 in
704 1344 837 1429 eadem
856 1358 1055 1454 persistitur
1068 1361 1221 1458 segnitie
1235 1378 1274 1435 et
1287 1364 1434 1440 desidia.

263 1479 434 1550 Omnium
470 1480 577 1552 animi
613 1481 775 1576 suspensi
793 1494 797 1502 '
812 1497 915 1554 erant
941 1486 1212 1582 exspectatione
1237 1490 1438 1585 gravissimi

262 1605 353 1676 inter
392 1605 589 1677 Caesarem
624 1621 661 1678 et
688 1606 900 1702 Pompeium
929 1610 1141 1698 certaminis,
1169 1612 1363 1707 quodiam
1392 1641 1437 1688 eo

262 1744 498 1823 processerat,
543 1745 582 1803 ut
619 1730 653 1800 in
688 1730 765 1802 dies
801 1732 918 1826 magis
955 1733 1145 1831 magisque
1179 1759 1237 1808 res
1264 1737 1311 1809 ad
1337 1763 1439 1812 arma

263 1852 392 1926 deduci
419 1855 611 1927 videretur.
642 1855 780 1927 Primus
807 1855 854 1928 de
882 1856 1094 1928 Parthorum
1122 1859 1269 1930 transitu
1298 1863 1437 1934 nuntius

264 2004 286 2050 a
311 1979 439 2050 Cassio
465 1980 593 2052 missus
621 2004 747 2075 parum
778 2006 843 2052 eos
872 1981 1028 2053 movisse
1054 1981 1204 2069 videtur,
1239 1983 1267 2056 si
1291 1985 1436 2082 quidem

263 2104 318 2174 hic
344 2103 537 2200 putabatur
562 2102 701 2176 bellum
719 2103 863 2176 finxisse
891 2129 937 2176 eo
965 2102 1127 2194 consilio,
1152 2121 1207 2193 ut,
1236 2133 1330 2203 quae
1357 2109 1436 2182 diri-

264 2229 401 2324 puisset
444 2228 540 2324 ipse,
582 2227 788 2300 viderentur
834 2228 881 2300 ab
922 2227 1027 2301 hoste
1069 2244 1221 2304 vastata.
1276 2232 1436 2306 Litterae

264 2353 428 2425 Deiotari
474 2355 523 2448 2),
569 2378 663 2450 quae
705 2352 922 2426 subsecutae
955 2368 1052 2440 sunt,
1081 2353 1171 2425 hanc
1199 2355 1437 2450 suspicionem

263 2476 488 2565 sustulerunt,
533 2493 570 2550 et
610 2475 765 2549 nonnihil
807 2477 952 2550 terroris
991 2478 1165 2550 Romanis
1197 2479 1435 2570 incusserunt,

263 2627 342 2673 cum
374 2627 461 2673 vero
499 2616 670 2697 ageretur
696 2601 743 2673 de
770 2627 827 2690 e0,
859 2627 1038 2698 quaenam
1063 2601 1208 2706 consilia
1233 2620 1355 2677 essent
1382 2631 1436 2678 ca·

262 2726 394 2821 pienda
435 2726 481 2798 ad
528 2724 696 2797 tutandas
723 2725 935 2822 provincias
965 2724 1059 2799 nulla
1084 2726 1330 2800 inveniebatur
1356 2755 1437 2802 con-

262 2850 394 2945 cordia,
425 2848 538 2921 nullus
565 2875 779 2939 consensus,
806 2875 873 2946 pro
900 2876 966 2924 sua
996 2851 1147 2947 quisque
1162 2852 1314 2926 factione
1330 2852 1434 2926 alium

206 2973 211 2977 ⁵
262 2974 349 3047 alius
375 2975 421 3048 ad
449 2973 581 3047 bellum
608 2974 697 3046 mitti
725 2972 847 3046 voluit.
881 2974 933 3047 Cf.
963 2974 1010 3046 ad
1037 2974 1140 3046 Fam.
1170 2975 1259 3047 VIII.
1298 3000 1353 3049 10.
1383 3002 1433 3050 2.:

266 3101 362 3172 »Sea'
401 3102 443 3172 a'e
482 3100 707 3172 Parthorum
748 3099 910 3170 trausz'tu
951 3099 1077 3170 uuutu'
1113 3101 1233 3173 varrus
1260 3127 1436 3175 sermones

261 3225 482 3297 exeataruut:
522 3224 618 3295 aleus
658 3221 753 3294 euim
785 3221 995 3316 Paupezuru
1023 3221 1241 3308 uu'tteudum,
1268 3225 1365 3296 aleus
1392 3227 1436 3297 ab

262 3352 347 3422 urbe
386 3350 595 3444 Paupeaaru
628 3374 699 3420 uau
725 3347 984 3432 removendum,
1014 3348 1111 3418 aleus
1141 3347 1331 3420 Caesarem
1356 3375 1435 3421 curu

261 3502 324 3547 sua
364 3474 541 3558 exeratu-
581 3474 677 3545 aleus
719 3473 874 3544 causulas
910 3481 952 3542 ut
964 3471 1142 3564 paludati
1164 3481 1310 3557 exeant,
1337 3499 1436 3546 uema

260 3609 378 3672 taurea
421 3607 462 3669 ut
499 3623 545 3670 ea
576 3581 875 3669 senatusconsulta
900 3596 1085 3690 praeatus.
1124 3595 1291 3668 Consules
1318 3606 1435 3669 autera
1524 3615 1529 3623 '

261 3729 344 3823 pura
385 3733 554 3798 vereatur
588 3749 631 3794 ue
663 3721 759 3793 illud
780 3729 925 3792 senatus
952 3720 1150 3791 coasultum
1165 3719 1245 3815 fiat
1269 3729 1303 3791 et
1320 3730 1434 3793 cautu-

171 3877 176 3882 ’
261 3851 398 3922 ruelzase
433 3857 585 3943 praeter
615 3872 653 3917 as
695 3845 748 3916 aa'
777 3845 892 3915 alzuru
919 3868 977 3914 res
1002 3843 1262 3939 transferatur,
1293 3845 1435 3916 amarae

301 4079 1176 4155 1)Cf.adFam,V1u,11.XV,4.5,6.adAu.V11.1.7.
1246 4064 1249 4068 ’

298 4172 325 4243 2)
345 4173 454 4237 Ludwig
482 4173 570 4236 Lange
597 4171 623 4218 in
648 4168 751 4233 egregio
771 4184 865 4233 opere:
885 4166 1023 4216 Romische
1041 4166 1219 4227 Alterthttmer,
1238 4168 1289 4216 vol.
1310 4169 1358 4220 111.
1377 4185 1433 4232 pag.

262 4261 321 4324 388,
340 4262 423 4310 minus
442 4266 508 4308 recte
526 4259 561 4308 ita
579 4275 618 4307 res
637 4257 750 4323 exponit,
769 4265 895 4322 tamquam
915 4257 1063 4305 Parthorum
1086 4257 1210 4314 transitus,
1229 4271 1302 4320 quem
1321 4255 1434 4304 Deiotari

261 4350 355 4399 litterae
383 4350 494 4397 Romam
521 4347 705 4406 renunciatum,
731 4345 815 4394 referri
835 4346 925 4394 debeat
940 4346 973 4394 ad
992 4361 1084 4394 nauum
1104 4344 1168 4392 illud
1186 4344 1282 4392 bellum
1300 4359 1330 4392 ac
1347 4345 1434 4392 tumul·

261 4445 313 4486 tum
340 4444 398 4502 post
425 4436 532 4501 primam
551 4435 719 4484 incursionem
740 4434 825 4498 Syn'ae
844 4433 949 4483 illatum.
978 4435 1019 4482 Ne
1038 4432 1120 4481 dicam
1139 4432 1166 4480 id
1186 4431 1244 4480 satis
1262 4431 1377 4496 redargui
1396 4433 1433 4491 iis,

260 4542 323 4590 quae
350 4541 425 4590 supra
455 4523 516 4587 (vid.
544 4540 601 4588 pag,
621 4527 664 4586 97)
688 4523 905 4588 disputaverimus,
925 4531 1031 4581 constat,
1050 4535 1076 4570 ut
1094 4538 1140 4572 suo
1159 4522 1218 4570 loco
1240 4520 1379 4578 ostendam,
1399 4538 1434 4570 se-

260 4615 369 4663 cundum
390 4615 461 4663 illum
480 4614 601 4677 impetum
620 4612 712 4661 factum
735 4627 859 4661 essenon
878 4619 935 4660 ante
954 4610 1063 4676 proximi
1081 4611 1140 4659 anni
1158 4609 1263 4659 initium.
