3292 5259
757 332 792 395 13

239 482 344 566 Nunc
362 460 433 565 iam
452 480 644 565 redeamus
663 492 711 564 ad
729 492 964 589 propositum.
995 492 1143 563 Praeter
1156 482 1359 586 scriptores,

187 645 278 717 quos
321 644 430 714 supra
472 616 776 705 commemoravi,
825 613 1040 713 legebantur
1084 614 1213 687 Dionis
1241 630 1363 688 aetate

100 761 103 764 ’
188 744 398 817 Parthica
432 744 634 831 Arriani,
663 769 772 840 quem
799 742 1062 839 septemdecim
1086 737 1183 814 libris
1215 740 1363 813 Traiani

188 895 245 942 res
272 884 396 967 gestas
415 885 539 942 contra
558 869 709 941 Parthos
728 893 916 941 enarrasse
935 867 1082 939 Photius
1097 881 1222 939 auctor
1236 882 1301 938 est.
1326 868 1359 961 Ι)

188 993 331 1065 Deinde
357 993 584 1090 Appianus
624 1018 769 1089 quoque
798 991 912 1065 edidit
934 992 1120 1064 historiam
1140 991 1360 1081 Parthicam,

187 1144 281 1216 quae
321 1141 409 1191 vero
452 1143 544 1189 nunc
576 1118 678 1189 huius
706 1117 851 1189 nomine
876 1117 1127 1205 circumfertur,
1169 1142 1252 1190 eam
1280 1114 1363 1188 nihil

187 1243 234 1315 ad
273 1243 482 1339 Appianum
521 1242 701 1339 pertinere
729 1257 838 1315 etex
864 1239 1040 1314 Plutarchi
1068 1242 1148 1314 vitis
1176 1242 1298 1314 Crassi
1327 1257 1368 1314 et

186 1368 355 1450 Antonii¹
379 1368 500 1464 inepte
547 1364 776 1464 compilatam
818 1384 856 1440 et
887 1368 1113 1441 adverbum
1145 1368 1363 1465 descriptam

186 1518 278 1582 esse,
321 1492 357 1564 id
394 1508 469 1565 tam
507 1493 613 1566 docte
660 1509 697 1565 et
733 1494 920 1589 perspicue
948 1494 1234 1567 demonstratum
1259 1509 1316 1567 est
1340 1519 1363 1566 a

186 1619 265 1691 viro
290 1615 485 1690 clarissimo
511 1618 821 1715 Schweighauser,
854 1635 893 1691 ut
920 1616 1002 1709 nihil
1029 1619 1143 1715 possit
1170 1644 1287 1716 supra.
1323 1621 1358 1714 2)

186 1743 354 1840 Denique
374 1744 592 1816 nominanda
610 1759 692 1817 sunt
719 1743 923 1817 Parthica
942 1744 1101 1817 'Asinii
1122 1743 1358 1837 Quadrati,

185 1894 338 1965 quorum
369 1866 459 1941 liber
486 1883 633 1965 quartus
662 1868 788 1941 citatur
816 1894 838 1941 a
866 1859 1054 1965 Stephano
1081 1869 1277 1965 Byzantino
1308 1873 1357 1966 3).

185 1994 281 2067 Ecce
308 1993 422 2067 habes
448 2019 584 2083 omnes,
626 2018 778 2091 quorum
804 1994 950 2066 nomina
977 2008 1121 2090 tempus
1147 1994 1251 2067 nobis
1280 2019 1360 2068 con·
1401 2050 1404 2055 .

185 2098 309 2208 cessit,
346 2118 413 2191 sed
454 2134 601 2216 quotam
640 2132 782 2215 partem
808 2145 873 2191 eos
901 2119 1008 2192 fuisse
1033 2118 1194 2192 dicamus
1222 2145 1358 2209 eorum,

185 2245 245 2341 qui
279 2242 364 2317 olim
398 2268 456 2316 res
488 2242 670 2316 Parthicas
705 2244 954 2340 exposuerint?
1000 2243 1111 2317 Adde
1148 2244 1361 2341 deperditos

185 2365 294 2441 libros
324 2368 458 2458 Livii,
499 2369 741 2441 Posidonii
782 2369 1072 2465 ApamensiS,
1103 2372 1141 2465 4)
1171 2369 1360 2442 Strabo·

185 2495 263 2583 niS,
288 2497 325 2591 5)
357 2521 448 2592 quos
474 2494 508 2567 in
536 2495 689 2567 historiis
717 2495 789 2568 suis
815 2496 964 2591 copiose
982 2495 1028 2569 de
1056 2496 1227 2568 Parthicis
1252 2496 1360 2568 rebus

198 2652 352 2663 ...-........

185 2708 219 2756 uti
239 2708 346 2768 v'idetur,
365 2709 517 2773 argumentis
539 2710 651 2759 Heereni
671 2708 841 2759 coniecturam
860 2709 971 2759 stabilire
990 2714 1096 2759 conatus
1107 2716 1152 2761 cst.
1164 2709 1264 2757 Idcirco
1276 2702 1360 2773 siquid

183 2797 246 2845 boni
265 2797 341 2847 habet
359 2815 415 2847 mea
434 2799 579 2864 disputatio,
600 2815 701 2847 omnem
720 2800 846 2847 honorem
866 2799 947 2847 libens
966 2799 1025 2847 huic
1041 2798 1095 2847 viro
1115 2798 1239 2849 concedo.

223 2886 247 2949 1)
285 2886 323 2939 Cf.
351 2888 456 2936 Photius
476 2887 518 2951 58,
536 2904 594 2953 pag.
617 2888 855 2951 17,(Ed.Bekl<er)
871 2881 1042 2954 Ἀνεηνάσθη
1058 2880 1201 2951 Ἀρριανοῦ
1222 2881 1359 2950 Παρθικὰ

185 2965 216 3023 ἐν
234 2971 349 3042 βιβλίοις
369 2969 401 3037 ιζ’
413 3009 502 3024 ......
522 2970 664 3042 διέρχεται
682 2970 713 3027 δὲ
732 2968 763 3026 ἐν
781 2970 870 3043 ταάτη
889 2973 922 3043 τῇ
943 2973 1123 3040 πραγματείᾳ
1141 2968 1207 3032 τοὺς
1219 2969 1360 3040 πολέμους

184 3048 234 3115 οὓς
254 3048 431 3123 ἐπολέμησαν
442 3051 573 3123 Ῥωμαῖοι
591 3056 639 3109 καλ
658 3054 774 3123 Πάρθοι
787 3052 930 3125 Ῥωμαίων
940 3052 1151 3123 αὐτοκράτορος
1161 3052 1243 3117 ὄντος
1255 3054 1359 3123 Τραϊά-

149 3184 153 3193 ,
185 3158 245 3191 νου.
284 3142 363 3190 Haud
390 3143 498 3214 absurda
516 3144 615 3192 videtur
633 3144 783 3203 coniectura,
804 3143 875 3207 quod
894 3143 1015 3191 Arrianus
1034 3145 1160 3208 prooemii
1179 3146 1238 3193 loco
1258 3145 1359 3194 brevem

184 3245 266 3279 rerum
284 3237 342 3279 ante
359 3237 485 3296 gestarum
504 3238 667 3296 conspectum
686 3232 821 3297 praemisit,
840 3248 899 3279 nam
918 3233 989 3297 quod
1005 3233 1109 3282 Photius
1119 3234 1194 3282 nobis
1204 3235 1360 3283 conservavit

183 3318 351 3385 fragmentum
369 3320 423 3383 (60,
443 3337 500 3386 pag.
521 3322 567 3383 5²)
588 3320 693 3385 copiose
711 3321 763 3385 agit
781 3320 813 3369 de
833 3322 934 3380 Arsace,
954 3322 1062 3371 Parthici
1082 3322 1180 3387 imperii
1199 3323 1341 3376 conditore.

218 3412 247 3475 2)
284 3410 351 3459 Vide
379 3410 432 3459 eius
451 3410 484 3458 ad
503 3410 643 3459 Parthicam
662 3410 792 3458 historiam
811 3410 1011 3471 adnotationem,
1039 3428 1114 3476 quam
1130 3412 1228 3460 addidit
1247 3412 1359 3478 Appiani

184 3499 299 3560 editioni,
319 3500 369 3550 III.
389 3516 447 3565 pag.
468 3510 517 3564 905
539 3516 595 3564 sqq.
623 3496 665 3548 ¹Id
683 3500 765 3565 ipsum
784 3500 915 3549 addubitat
934 3500 971 3549 vir
990 3498 1149 3561 clarissimus,
1169 3518 1229 3551 num
1248 3520 1358 3567 unquam

183 3591 224 3639 hic
251 3592 316 3658 liber¹
343 3607 430 3657 reapse
449 3592 481 3641 ab
499 3590 622 3657 Appiano
640 3590 764 3656 perfectus
784 3598 808 3639 et
827 3607 883 3639 cum
902 3591 990 3639 ceteris
1008 3591 1169 3640 historiarum
1187 3592 1258 3641 libris
1276 3593 1358 3641 editus

184 3679 264 3729 suerii.
331 3710 332 3713 =
499 3674 500 3679 ¹

222 3773 246 3831 3)
282 3771 384 3832 Muller,
405 3774 502 3838 Fragm.
523 3773 621 3825 Histor.
642 3771 685 3824 Gr.
705 3772 755 3830 III,
775 3770 836 3823 660.
920 3799 925 3807 ·

151 3874 157 3887 ·
220 3861 248 3921 4)
286 3862 351 3910 Vide
379 3864 618 3913 commentationem
647 3862 679 3910 de
707 3862 786 3925 Trogi
814 3861 921 3927 Ppmpei
950 3860 1063 3909 fontibus
1091 3869 1115 3909 et
1139 3860 1286 3909 auctoritate
1310 3859 1356 3909 viri

183 3947 313 3999 clarissimi
334 3934 436 4001 Heeren
455 3954 563 4015 (Comm.
582 3968 634 4004 soc.
655 3953 719 4015 Reg.
739 3951 826 4001 scient.
846 3950 914 4003 Gutt.
933 3951 991 4010 XV,
1012 3949 1084 4013 239.)
1103 3951 1156 3999 Hic
1173 3950 1277 4014 quidem
1295 3950 1357 3998 Tro·

182 4054 243 4103 gum
265 4040 415 4105 Pompeium
443 4041 468 4089 in
493 4058 574 4089 rerum
593 4040 761 4089 Parthicarum
781 4039 938 4087 enarratione
957 4038 1031 4087 unice
1049 4039 1082 4086 ad
1101 4038 1233 4086 Posidonii
1252 4039 1357 4087 auctori¹

181 4135 258 4177 tatem
277 4129 420 4194 confugisse
438 4146 485 4195 pro
505 4138 573 4178 certo
594 4130 776 4194 exploratoque
794 4127 908 4186 affirmat,
927 4128 1006 4191 quod,
1017 4110 1169 4191 quamquain
1178 4127 1204 4175 in
1215 4127 1356 4176 universum

183 4219 287 4268 dubium
306 4219 445 4267 admodum
465 4226 489 4268 et
507 4220 636 4277 incertum,
665 4225 730 4267 certe
749 4233 802 4265 non
820 4217 888 4265 valet
906 4217 938 4264 de
957 4216 1047 4265 Iustini
1065 4217 1131 4264 libro
1151 4215 1235 4265 XLII.
1274 4217 1305 4264 In
1323 4232 1355 4263 eo

182 4308 249 4358 enim
278 4308 372 4357 Orodis
392 4315 415 4357 et
434 4306 546 4357 Phraatis
565 4324 603 4356 res
621 4314 705 4371 gestae
725 4313 877 4358 enarrantur.
914 4307 948 4353 At
967 4321 1027 4353 vero
1047 4304 1200 4353 Posidonius
1219 4304 1268 4352 iarn
1288 4320 1355 4352 anno

183 4409 213 4461 51
227 4397 259 4448 de
269 4399 319 4447 vita
330 4399 477 4450 decesserat.
489 4396 528 4450 Cf.
542 4398 615 4445 Ianus
627 4396 704 4455 Bake,
724 4394 857 4444 Posidonii
868 4394 965 4443 Rhodii
974 4393 1094 4458 reliquiae
1105 4393 1241 4459 doctrinae,
1261 4410 1319 4457 pag.
1330 4407 1355 4455 9.

218 4489 245 4553 5)
281 4489 371 4537 Strabo
391 4497 459 4551 515:
480 4478 624 4552 εἰρηκότες
642 4478 674 4535 δὲ
691 4477 778 4534 πολλά
796 4478 863 4547 περὶ
879 4480 934 4532 τῶν
954 4480 1112 4546 Παρθικῶν
1129 4479 1253 4546 νομίμων
1271 4474 1303 4531 ἕν
1320 4476 1353 4549 τῇ

184 4573 249 4647 ἕκτη
274 4577 330 4630 τῶν
356 4571 503 4641 ἱστορικῶν
520 4566 728 4640 ὑπομνημάτων
745 4567 836 4639 βίβλῳ,
856 4563 977 4641 δευτέρᾳ
994 4563 1026 4619 δὲ
1043 4566 1099 4618 τῶν
1116 4560 1186 4633 μετὰ
1204 4557 1356 4635 Πολύβιον,

181 4660 394 4729 παραλείψομεν
412 4653 541 4712 ἐνταῦθα
558 4652 594 4726 μὴ
612 4656 794 4722 τοιοτολοηεῖν
811 4649 945 4720 δόξομεν.
