3292 5259
758 315 795 390 85

186 482 250 553 Vll
278 481 328 554 Id.
359 481 506 556 Sextilis
533 481 619 555 abiit
645 483 839 579 Synnada3
870 483 952 556 inde
980 499 1063 580 post
1097 484 1201 556 trium
1231 485 1368 557 dierum

186 604 411 679 intervallum
438 608 621 702 proiectus
649 623 705 681 est
733 605 981 681 Philomelium
1009 634 1041 681 a.
1067 609 1101 680 d.
1126 608 1223 680 lllld
1251 610 1365 696 Sext,

190 759 264 828 quo
305 732 365 804 die
401 732 541 829 scripsit
579 733 627 805 ad
655 733 815 806 Atticum
845 731 1022 806 silentium
1050 759 1132 807 esse
1160 734 1206 807 de
1235 734 1368 807 Partho

192 857 249 952 (V.
301 863 356 928 16.
403 860 475 952 4.);
514 854 711 931 Philomelii
747 858 903 931 triduum
940 855 1100 931 moratus
1137 885 1169 932 a.
1201 859 1234 930 d.
1266 858 1395 932 XVll'

187 979 269 1054 Kal.
301 982 403 1078 Sept.
434 982 575 1055 eratin
604 982 729 1055 itinere
758 983 805 1055 ad
834 983 1001 1070 Iconium,
1033 982 1129 1055 unde
1142 998 1227 1080 post
1241 984 1368 1056 decem

189 1107 328 1178 dierum
366 1132 504 1179 moram
540 1107 639 1179 venit
673 1107 707 1179 in
742 1123 860 1180 castra
894 1132 925 1179 a.
963 1107 997 1178 d.
1033 1107 1097 1178 Vll
1130 1105 1210 1180 Kal.
1243 1108 1367 1204 Sept.;

188 1231 244 1303 hic
271 1229 433 1304 lustravit
460 1233 658 1304 exercitum
691 1233 751 1328 (ad
772 1232 848 1305 Att.
871 1233 915 1304 V.
943 1256 1006 1317 203
1037 1233 1084 1304 ad
1099 1232 1200 1306 Fam.
1222 1233 1303 1305 XV.
1327 1238 1365 1329 4)

188 1382 219 1428 a.
250 1357 286 1427 d.
324 1356 367 1426 lll
394 1354 489 1444 Kal,
522 1356 815 1453 quandoquidem
843 1356 933 1452 prid.
964 1354 1045 1428 Kal.
1076 1372 1194 1430 castra
1221 1383 1368 1431 movere

190 1481 433 1553 constituerat.
492 1480 575 1552 Hoc
612 1483 702 1553 vero
718 1524 722 1531 ·
740 1478 925 1552 consilium
959 1505 1029 1552 non
1058 1497 1266 1576 persecutus
1294 1499 1367 1572 est3

190 1603 392 1701 complures
434 1604 550 1677 adhuc
591 1605 669 1677 dies
710 1605 841 1678 mansit
868 1605 915 1678 ad
943 1605 1111 1693 Iconium,
1141 1624 1366 1703 exspectans,
1431 1669 1432 1673 ,

191 1731 307 1802 donec
349 1729 491 1826 Appius
521 1727 692 1802 Claudius
720 1730 902 1803 decedens
931 1731 977 1802 de
1003 1731 1186 1826 provincia
1212 1731 1279 1804 sibi
1307 1733 1369 1805 ob·

189 1856 284 1926 viam
320 1855 497 1943 venisset3
534 1854 601 1927 sed
635 1855 874 1953 nequicquam
912 1855 1145 1950 exspectavit,
1182 1880 1265 1928 nam
1293 1856 1368 1952 Ap·

190 1979 281 2074 pius„
319 1979 378 2075 qui
412 1977 481 2050 hoc
521 1976 737 2076 colloquium
766 1980 1061 2076 quammaxime
1087 1980 1222 2054 evitare
1249 1978 1366 2066 vellet,

190 2101 385 2174 clanculum
423 2118 541 2175 castra
567 2119 858 2199 praetergressus
893 2120 958 2177 est.
1000 2105 1053 2176 lta
1080 2105 1218 2193 accidit,
1246 2120 1284 2177 ut
1312 2103 1368 2178 vel

190 2254 223 2300 a.
254 2228 288 2298 d.
321 2227 364 2299 ΙΙΙ
392 2227 485 2300 Non.
525 2228 627 2324 Sept.
660 2228 819 2303 nondum
849 2229 916 2300 iter
944 2228 1160 2301 instituisset.
1203 2229 1260 2301 Eo
1275 2229 1368 2302 enim
1472 2257 1477 2268 ’

191 2353 251 2424 die
286 2357 318 2447 1)
358 2367 532 2424 venerunt
564 2352 598 2422 in
637 2367 754 2423 castra
792 2352 839 2424 ad
876 2352 1033 2424 Iconium
1061 2350 1172 2448 legati
1200 2354 1296 2426 missi
1324 2355 1370 2426 ab

190 2476 373 2549 Antiocho
408 2477 674 2573 Commageno
719 2477 779 2574 qui
821 2476 1035 2549 Ciceronem
1063 2478 1253 2549 certiorem
1281 2477 1370 2550 sece-

190 2617 281 2681 runt,
319 2603 435 2696 »reges
470 2602 696 2673 Parthorum
712 2602 843 2698 fih'um
871 2602 924 2673 aa'
948 2603 1172 2696 Euphratem
1200 2629 1279 2674 eum
1298 2628 1369 2674 ma-

189 2725 306 2796 ximis
330 2726 554 2798 Parthorum
582 2727 691 2820 copiis
716 2727 980 2822 multarumque
997 2736 1187 2824 praeterea
1205 2729 1369 2823 gentium

190 2873 326 2942 magam
352 2875 464 2920 ueauu
481 2850 616 2920 venisse
633 2850 924 2946 Euphratemque
942 2851 1016 2922 e'am
1035 2851 1194 2922 trause‘re
1212 2853 1367 2946 coepisse,

191 2971 326 3066 rh'ee'pue
352 2972 572 3043 Armenium
600 2998 717 3068 regem
744 2974 785 3044 iu
815 2974 1078 3068 Cappadociam
1110 2975 1278 3068 e'mpetum
1300 3000 1372 3046 esse

179 3094 384 3190 saetarum.
419 3099 454 3191 2)

249 3218 333 3311 Quo
363 3219 486 3292 audito
516 3245 734 3318 quamquam
761 3263 812 3272 --·
833 3235 873 3293 ut
887 3220 963 3316 ipse
977 3235 1129 3295 testatur
1145 3224 1181 3316 3)
1201 3265 1250 3274 -
1266 3222 1371 3295 vehe-

199 3480 279 3528 Icom'i
305 3480 444 3537 decem,
466 3479 580 3544 fecimus
586 3516 664 3531 ,,,,,
693 3478 756 3526 Inde
779 3477 806 3525 in
825 3485 908 3524 castra
927 3476 986 3525 veui
1003 3495 1027 3530 a.
1047 3479 1071 3533 d,
1098 3478 1152 3526 VH
1167 3479 1295 3527 Kalemlas
1316 3481 1371 3545 Sep-

196 3569 324 3615 tembres.’'
363 3568 456 3616 Contra
482 3567 572 3616 Catoni
599 3568 641 3628 (ad
667 3568 738 3616 Fam.
758 3566 814 3619 XV,
834 3580 858 3626 4.
881 3569 914 3626 2.)
933 3566 997 3614 hanc
1016 3566 1098 3614 reddit
1120 3567 1214 3616 itineris
1232 3569 1371 3618 rationem:
1391 3573 1393 3577 '

198 3675 271 3716 „erem
290 3659 316 3705 iu
327 3657 490 3721 prouinciam
502 3663 548 3719 pr.
570 3656 604 3707 K.
625 3657 693 3707 Sext.
711 3654 830 3702 venissem
849 3662 872 3701 et
881 3660 991 3717 propter
1009 3654 1073 3701 anui
1090 3655 1372 3718 leumresadexereitum

197 3746 261 3795 mihi
277 3745 406 3810 confestim
425 3760 473 3792 esse
492 3743 602 3791 eundum
619 3743 738 3804 viderem,
757 3733 909 3790 biduum
929 3742 1066 3790 Laodiceae
1076 3743 1130 3808 fui,
1150 3742 1373 3807 deindeApameae

196 3833 456 3898 quadriduum,
486 3831 649 3880 triduum
678 3830 812 3894 Synnadis,
842 3830 1002 3878 totidem
1031 3830 1111 3879 dies
1137 3830 1283 3879 Philomelii
1294 3871 1371 3885 ,,,,,

173 3924 254 3986 .Ego
281 3923 309 3970 iu
336 3931 419 3970 eastra
447 3938 471 3972 a.
490 3921 515 3970 d.
542 3920 597 3967 VII
609 3920 669 3969 Kal.
691 3920 756 3982 Seps.
774 3916 858 3971 veui.⁷'
896 3919 981 3967 Minus
999 3935 1100 3968 necesse
1119 3919 1180 3966 mihi
1200 3919 1297 3968 videtur
1316 3937 1371 3968 cum

197 4014 348 4061 Drumanno
379 4010 436 4072 (Vl.
456 4025 514 4074 pag,
537 4007 599 4075 129)
622 4008 802 4071 discrepantiae
821 4007 921 4071 culpam
941 4008 1069 4056 Ciceronis
1087 4007 1224 4057 memoriae
1242 4008 1371 4073 imputare.

198 4101 293 4148 Omnia
320 4100 416 4164 optime
443 4100 469 4147 in
498 4098 661 4148 concordiam
689 4097 843 4160 rediguntur,
871 4097 891 4144 si
922 4113 979 4144 cum
998 4097 1052 4144 viro
1072 4097 1221 4145 doctissimo
1240 4097 1372 4145 Hohnann

198 4189 393 4253 thusgeu'ahlte
411 4188 493 4237 Briefe
512 4205 564 4236 von
584 4188 682 4245 Cicero,
703 4203 761 4250 pag,
785 4182 855 4252 122.)
874 4186 995 4244 statueris,
1016 4186 1159 4250 ubicunque
1177 4185 1257 4234 maius
1278 4195 1372 4250 tempo-

198 4279 233 4327 ris
261 4277 420 4326 intervallum
449 4276 604 4335 exhibeatur,
623 4275 658 4322 ibi
678 4275 780 4323 additos
799 4290 853 4323 esse
873 4275 926 4322 dies
945 4275 969 4321 in
992 4274 1080 4323 itinere
1099 4281 1269 4338 consumptos.
1308 4275 1373 4322 Tum

199 4367 305 4430 quidem
325 4366 408 4415 evadit
426 4365 523 4414 dierum
543 4371 566 4412 et
585 4364 700 4412 itinerum
719 4363 792 4420 ratio,
811 4379 887 4426 quarn
907 4379 981 4427 supra
1000 4363 1122 4412 dedimus.

240 4459 264 4520 1)
286 4456 351 4503 Vide
368 4454 545 4519 appendicem,
563 4469 620 4517 pag.
644 4450 700 4499 108.

236 4549 263 4596 2)
283 4543 316 4591 ad
335 4544 404 4591 Fam.
425 4542 481 4590 XV.
503 4555 526 4603 3.
550 4554 570 4589 1.

235 4636 264 4694 3l
284 4631 315 4678 ad
335 4632 404 4678 Fam.
425 4630 481 4677 XV.
502 4645 526 4690 4.
547 4645 571 4690 4.
