3292 5259
903 338 941 409 38

332 521 536 582 constanter
576 523 783 581 servaverat
823 505 1018 579 consilium.
1078 504 1178 578 Vera
1218 528 1301 577 esse
1341 502 1509 599 apparuit

331 631 454 718 verba,
478 630 606 728 quibus
621 631 848 703 Mithridates
862 630 989 725 ipsum,
1017 653 1063 700 ne
1077 628 1290 701 societatem
1303 628 1508 701 Romanam

331 754 445 841 iniret,
483 752 694 826 dehortatus
719 767 807 825 erat.
838 756 872 849 1)
904 752 1088 845 Quamdiu
1116 753 1212 825 enim
1244 778 1303 825 res
1329 753 1379 825 ita
1406 768 1510 825 erant

332 891 576 972 comparatae,
606 875 801 971 utParthis
821 874 1107 948 invitis'Romani
1126 875 1352 971 propositum
1366 874 1510 973 assequi

333 1024 405 1074 non
429 1012 588 1096 possent,
619 998 667 1071 ad
686 998 827 1096 quidvis
846 997 1116 1071 concedendum
1130 1012 1320 1094 promptos
1338 1024 1379 1071 se
1393 1014 1511 1072 osten-

334 1125 479 1212 debant,
516 1122 715 1194 dummodo
743 1146 788 1194 ne
814 1120 935 1193 Parthi
963 1145 1064 1193 arma
1082 1146 1163 1193 cum
1192 1121 1405 1194 adversariis
1430 1146 1511 1194 con·

334 1247 528 1336 sociarent,
548 1246 697 1337 vixdum
715 1259 837 1317 autem
856 1245 972 1317 Ponto
990 1260 1028 1318 et
1045 1244 1220 1318 Armenia
1237 1246 1374 1342 pacatis
1392 1246 1514 1317 omnia

334 1387 436 1445 erant
473 1368 607 1465 adepti,
652 1368 700 1441 ad
731 1392 826 1465 quae
856 1365 1111 1465 consequenda
1142 1366 1273 1440 auxilio
1301 1368 1513 1442 Parthorum

335 1492 572 1591 supersedere
595 1516 667 1564 non
688 1506 865 1587 poterant,
883 1516 993 1589 quum
1007 1505 1132 1564 vetere
1146 1516 1212 1565 suo
1227 1517 1328 1566 more
1343 1508 1381 1565 et
1394 1518 1513 1565 exem·
1542 1474 1545 1479 ’

334 1613 407 1714 plo,
438 1638 573 1711 operae
601 1614 795 1710 praestitae
823 1614 1065 1705 immemores,
1097 1629 1254 1687 mentem
1282 1640 1373 1713 erga
1396 1616 1514 1689 socios

336 1741 525 1812 immutant
551 1752 589 1811 et
606 1762 699 1836 quos
718 1751 827 1811 antea
846 1762 981 1835 magno
994 1737 1121 1835 studio
1145 1737 1386 1812 conciliandos
1406 1740 1515 1811 duxe-

336 1878 426 1953 rant,
457 1864 498 1936 iis
526 1889 635 1962 quam
660 1863 835 1937 acerrime
862 1863 1080 1937 obnituntur.

389 1988 465 2061 lam
496 1988 617 2061 statim
644 2003 793 2083 postero
821 2011 918 2060 anno
944 1987 1047 2060 novis
1074 1984 1296 2059 contumeliis
1324 1986 1516 2083 Pompeius

337 2111 506 2208 patefecit
545 2126 769 2208 quantopere
803 2137 868 2184 eos
893 2110 1091 2206 despicatui
1116 2110 1277 2183 haberet.
1318 2111 1516 2209 ¹Postquam

338 2234 432 2307 enim
460 2231 612 2306 Albanis
640 2249 677 2306 et
699 2234 810 2307 Iberis
839 2234 873 2306 in
901 2234 1123 2306 deditionem
1157 2234 1315 2330 acceptis
1346 2234 1451 2307 rediit
1483 2235 1516 2306 in

1599 1275 1601 1334 l

338 2357 550 2431 Armeniam
564 2357 752 2445 Minorem,
770 2355 883 2454 legati
902 2383 983 2430 eum
1008 2373 1261 2447 convenerunt,
1283 2384 1374 2457 quos
1389 2359 1516 2432 Phra'a·
1602 2403 1603 2410 .

286 2531 288 2535 .
337 2497 403 2569 tes,
441 2481 544 2553 novis
570 2480 819 2554 Romanorum
854 2482 1009 2555 victoriis
1037 2481 1272 2555 vehementer
1302 2499 1513 2570 commotus,

340 2605 486 2677 miserat
513 2629 559 2677 eo
585 2602 745 2693 eonsili0,
775 2620 814 2677 ut
838 2605 968 2678 soedus
992 2620 1100 2679 antea
1114 2601 1223 2677 ictum
1236 2604 1513 2680 confirmaretur.

342 2728 418 2801 Sed
446 2725 528 2799 nihil
556 2724 738 2823 legatione
763 2744 948 2801 assecutus
967 2743 1033 2801 est.
1064 2728 1273 2825 Pompeius,
1296 2730 1356 2827 qui
1369 2746 1518 2827 propter

341 2851 521 2939 eximiam,
549 2876 621 2948 qua
648 2851 681 2923 in
710 2851 817 2924 rebus
845 2852 1013 2948 gerendis
1032 2852 1210 2941 utebatur,
1228 2853 1407 2926 fortunam
1426 2852 1517 2926 altos

340 2974 483 3071 spiritus
511 2975 676 3071 gerebat,
704 2974 859 3048 maiores
886 3000 970 3047 suas
998 3001 1089 3072 opes
1108 2976 1326 3065 existimans
1358 3002 1468 3076 quam
1482 2992 1518 3048 ut

342 3124 365 3171 a
399 3098 538 3170 Parthis
564 3098 817 3171 detrimentum
845 3123 976 3195 capere
1004 3115 1163 3195 possent,
1194 3102 1351 3196 superbe
1376 3117 1414 3174 et
1437 3127 1518 3175 con·

342 3219 530 3295 tumeliose
566 3221 607 3294 iis
643 3222 830 3317 respondit
856 3237 894 3295 et
923 3238 963 3295 ut
988 3223 1186 3319 Gordyene
1221 3224 1433 3296 redderetur
1456 3250 1518 3320 po·

342 3345 468 3441 poscit.
518 3344 586 3417 De
617 3344 685 3417 hac
717 3345 869 3440 regione
906 3346 978 3418 iam
1012 3362 1096 3419 ante
1129 3344 1260 3421 multos
1288 3373 1401 3420 annos
1429 3348 1519 3420 inter

343 3468 537 3541 Armenios
557 3468 779 3565 Parthosque
802 3468 918 3541 luerat
936 3470 1190 3557 controversia,
1214 3496 1369 3569 eamque
1389 3472 1518 3543 Phra'a-

343 3608 409 3680 teS,
440 3592 500 3689 qui
528 3592 672 3664 minime
700 3616 740 3663 se
765 3615 857 3686 pace
885 3616 907 3664 a
935 3592 1109 3664 Romanis
1138 3618 1219 3664 cum
1244 3594 1406 3690 Tigrane
1425 3620 1518 3667 com-

343 3715 464 3812 posita
499 3716 709 3788 obstrictum
748 3730 902 3811 putaret,
942 3716 1125 3789 Armeniis
1157 3718 1348 3813 eripuerat,
1384 3719 1471 3790 dum
1497 3743 1520 3789 a
1591 3763 1596 3777 .

345 3839 521 3935 Pompeio
549 3839 584 3910 in
611 3838 776 3911 Caucaso
805 3853 929 3911 monte
954 3837 1087 3911 bellum
1115 3842 1321 3935 gerebatur.
1343 3842 1406 3914 Ad
1424 3839 1518 3914 illam

346 3960 624 4060 postulationem
656 3988 766 4060 quum
800 3960 912 4058 legati
948 3958 1110 4035 —nihil
1139 3964 1234 4037 enim
1262 3965 1329 4038 hac
1356 3966 1461 4038 dere
1485 3966 1519 4036 in

346 4084 524 4157 mandatis
552 4098 767 4181 acceperant
801 4128 852 4139 —-
889 4110 955 4158 suo
987 4087 1160 4159 arbitratu
1202 4088 1288 4160 certi
1330 4088 1518 4185 quicquam

345 4209 506 4307 prolerre
533 4234 605 4281 non
628 4208 852 4297 sustinerent,
882 4207 1019 4281 litteras
1046 4209 1087 4281 iis
1115 4209 1217 4282 dedit
1240 4210 1287 4283 ad
1301 4235 1427 4306 regem
1441 4235 1518 4306 per-

346 4333 522 4422 ferendas,
553 4333 619 4405 sed
644 4329 752 4405 nihilo
779 4332 895 4405 secius
923 4330 1018 4405 nullo
1038 4347 1232 4429 expectato
1245 4358 1420 4429 responso
1440 4358 1525 4405 con.

358 4521 543 4531 —---.---

387 4620 412 4688 1)
431 4623 469 4673 Cf.
490 4623 542 4671 Dio
562 4623 630 4672 Cass.
654 4622 696 4685 36,
711 4621 740 4673 fr.
762 4636 785 4685 3.
805 4622 946 4682 Sallustius,
966 4622 1081 4687 Epistola
1101 4622 1261 4672 Mithridatis.
