3292 5259
883 297 920 352 62

531 466 614 537 Rex
634 465 777 561 gelidae
802 469 984 534 metuatur
1009 486 1101 544 arae,

531 588 635 677 Qaz'a'
661 588 851 660 Tiridaten
877 593 1017 669 terreat,
1038 585 1150 656 aazia

526 713 690 785 Securus.

315 839 549 912 Lachmanno
587 835 698 909 invito
725 834 908 909 conditum
934 859 1015 908 esse
1043 832 1190 906 credam
1222 855 1317 905 anno
1357 836 1404 902 26
1439 827 1497 902 vel

320 984 379 1055 25,
409 960 510 1034 brevi
544 975 738 1056 antequam
770 958 818 1032 de
853 956 1026 1030 Tiridatis
1054 957 1141 1055 luga
1168 956 1308 1028 nuntius
1334 955 1497 1026 Romam

315 1083 474 1182 perlatus
502 1099 567 1170 est,
595 1082 772 1180 siquidem
798 1097 896 1155 recte
920 1107 989 1154 rex
1009 1081 1150 1180 gelatae
1176 1106 1259 1154 arat
1277 1076 1497 1176 intelligatur

316 1234 381 1282 rex
420 1207 646 1305 Scytharum,
691 1233 714 1280 a
752 1232 837 1306 qu0,
865 1205 965 1305 quod
993 1205 1205 1278 societatem
1232 1228 1314 1276 cum
1337 1204 1496 1276 Phra'ate

318 1335 452 1421 inierat,
498 1332 681 1406 Tiridates
721 1356 868 1405 causam
910 1328 1079 1416 habebat,
1121 1353 1183 1400 cur
1207 1327 1275 1400 sibi
1301 1341 1492 1400 metueret.

317 1458 429 1555 Apud
457 1457 614 1530 Dionem
639 1471 761 1528 autem
786 1455 834 1529 de
859 1452 1076 1550 Scytharum
1107 1450 1238 1525 auxilio
1266 1449 1378 1524 altum
1392 1449 1497 1552 silen-

317 1583 414 1656 tium.
470 1578 587 1653 Aliter
626 1579 735 1653 sentit
773 1579 960 1651 Hermann
993 1576 1124 1650 Schutz
1157 1575 1353 1672 (Horatius,
1386 1574 1496 1652 Oden

317 1707 390 1781 und
422 1706 605 1803 Epoden.)
634 1730 719 1802 pag.
754 1728 843 1777 rot:
878 1705 955 1777 »dia
983 1704 1213 1800 Erzaagang,
1242 1701 1328 1774 dass
1355 1702 1427 1785 Ill,
1459 1701 1492 1782 8,

322 1833 371 1905 18
403 1833 443 1903 z'a
463 1856 565 1928 ganz
583 1831 772 1903 attalalter
792 1828 907 1902 Wez'se
920 1829 987 1901 raia
1000 1829 1083 1902 ta'ar
1094 1827 1239 1899 mitten
1253 1825 1495 1899 Parthzsclzea

324 1955 702 2053 Tltraastra'tzgka'taa
738 1955 863 2040 Catzsa,
918 1954 983 2040 dar
1019 1952 1148 2050 Ka‘nz'g
1170 1951 1234 2024 a'ar
1259 1950 1409 2036 Dactar,
1439 1975 1496 2022 aa·

317 2081 613 2178 sammengestallt
649 2079 754 2165 ward,
787 2079 914 2151 aralclae
940 2077 1047 2150 sclzan
1076 2099 1124 2174 29
1153 2101 1220 2149 aaa
1247 2076 1305 2148 M.
1339 2075 1497 2146 Crassus

318 2204 475 2301 ragla'ch
515 2204 583 2275 mit
603 2204 670 2275 dea
694 2204 912 2288 Bastaraen,
946 2201 1054 2274 Galen
1079 2227 1113 2273 a.
1142 2225 1175 2272 a.
1209 2179 1497 2272 Danaaa‘a'lkara

318 2329 447 2425 bastagt
468 2327 627 2413 wardan,
658 2327 795 2425 saltatat
819 2326 922 2398 malta
948 2324 1015 2397 hir
1045 2324 1124 2396 das
1143 2323 1170 2419 J.
1203 2348 1249 2413 29
1270 2350 1303 2394 v.
1327 2322 1430 2395 Chr.
1453 2349 1497 2395 aa

318 2451 520 2547 stracten?
549 2451 723 2524 Concedo
748 2449 964 2546 Scytharum
990 2448 1373 2522 commemorationem
1394 2448 1497 2520 i-nter·

319 2574 404 2646 dum
432 2573 629 2648 admodum
653 2555 736 2661 esse
761 2575 981 2672 ambiguam,
1012 2575 1111 2672 quod
1131 2598 1202 2646 non
1221 2572 1333 2646 modo
1353 2589 1494 2670 gentes

320 2724 414 2796 quae
440 2713 538 2770 trans
565 2698 720 2771 Tanaim
746 2698 855 2772 etad
881 2723 981 2772 mare
1014 2697 1186 2794 Caspium
1206 2696 1429 2786 habitabant,
1452 2697 1497 2768 ita

321 2821 563 2918 designantur,
594 2847 718 2895 vemm
733 2823 843 2896 etiam
857 2823 935 2896 Istri
956 2819 1112 2911 accolae,
1136 2822 1255 2896 Getae
1274 2837 1312 2895 et
1331 2822 1435 2910 Daci,
1464 2823 1494 2915 1)

321 2962 369 3034 ut,
414 2972 494 3018 cum
538 2947 730 3043 scriptores
776 2932 994 3043 Scytharum
1037 2947 1181 3020 nomine
1209 2962 1371 3035 utuntur,
1401 2963 1499 3020 utros

323 3068 530 3166 intelligant,
558 3071 773 3167 Europaeos
801 3095 847 3142 an
875 3070 1043 3159 Asianos
1071 3097 1184 3168 saepe
1209 3072 1385 3167 ambigas
1433 3072 1499 3144 Hic

323 3211 445 3268 tamen
474 3193 705 3267 dubitationis
730 3193 829 3267 locus
857 3219 929 3267 non
955 3195 1068 3268 datur.
1097 3195 1238 3268 Verba:
1274 3221 1360 3270 »ara
1377 3198 1498 3294 gelata

323 3320 388 3391 sub
415 3318 548 3390 Arad'
575 3319 693 3414 magis
708 3344 767 3390 me
782 3318 928 3416 quidem
944 3319 1058 3392 iudice
1074 3320 1288 3393 conveniunt
1303 3321 1336 3392 in
1350 3320 1496 3405 Tanais

324 3467 433 3541 quam
460 3441 494 3513 in
519 3442 596 3514 Istri
620 3441 771 3516 accolas.
800 3442 1045 3540 Intelliguntur
1066 3444 1174 3541 igitur
1188 3444 1346 3541 Scythae
1362 3445 1496 3527 Asiani,

324 3565 385 3664 qui
424 3565 615 3639 Phra'atem
657 3568 690 3638 in
719 3593 870 3664 regnum
895 3568 1090 3642 restituisse
1119 3595 1141 3642 a
1166 3570 1298 3642 Iustino
1326 3565 1496 3642 dicuntur.

325 3681 438 3763 Simili
480 3691 591 3763 modo
637 3691 789 3764 Parthos
831 3691 1057 3790 Scythasque
1091 3693 1266 3767 Tanaitas
1293 3694 1498 3768 coniunctos

326 3815 484 3888 invenies
510 3815 564 3901 ΙΙΙ,
597 3841 655 3906 29,
688 3841 705 3887 2
713 3838 764 3908 5.:

597 3939 715 4012 Times

596 4065 700 4152 Quat
721 4066 824 4138 Seres
849 4077 883 4140 et
904 4077 1056 4164 regnata
1083 4069 1178 4164 Cyro

567 4189 705 4259 Bactra
721 4199 860 4284 pareat
888 4192 1090 4288 Tanaisque
1114 4193 1257 4264 rta'scars.

367 4344 1499 4422 tssmmnmmmwmfflmmffwmwfflmmmmr

329 4458 359 4494 τε
385 4437 434 4492 καὶ
452 4439 581 4510 Σουῆβοι
599 4433 782 4507 ἐμαχέσαντο.
800 4437 854 4493 εἰσὶ
872 4437 903 4494 δὲ
922 4434 1002 4494 οὗτοι
1023 4438 1074 4509 μὲν
1092 4443 1201 4507 Κελτοί,
1221 4436 1233 4495 ε’
1244 4447 1376 4496 κεῖνοι
1394 4441 1411 4494 ὃ
1422 4438 1434 4496 ὲ
1455 4437 1497 4507 δὴ

328 4518 1233 4597 attractatamaaut·autotptv-ns'aa'th‘ptvov
1241 4565 1315 4579 .....
1338 4520 1499 4581 otatta’

235 4614 237 4618 ’
328 4602 1012 4677 ἀμφότερατοῦἼστρουνέμονται.
