3292 5259
896 312 932 369 28

326 480 373 553 ad
399 480 549 554 Parthos
569 480 774 577 confugere,
805 480 901 552 unde
920 502 1016 551 nova
1033 477 1192 550 subsidia
1212 474 1293 549 belli
1312 476 1378 549 sibi
1397 501 1501 571 para-

324 620 389 677 ret.
420 604 609 700 Appianus
634 603 674 675 B.
706 604 746 676 C.
777 603 815 675 ll.
849 608 910 695 83,
941 599 1099 674 Velleius
1127 601 1166 672 ll.
1198 621 1216 692 5
1225 624 1257 693 3,
1289 597 1416 672 Florus
1434 600 1497 688 IV,

329 754 346 801 2
375 728 462 801 item
489 728 559 800 hoc
597 726 793 799 memoriae
821 725 987 822 produnt.
1018 724 1092 796 Dio
1120 738 1253 812 autem,
1285 724 1339 795 cui
1368 748 1413 796 ea
1439 749 1499 796 res

323 850 424 923 haud
455 850 581 945 ignota
616 864 705 938 erat,
740 849 869 922 acriter
896 874 979 921 eam
1007 848 1205 944 impugnat,
1236 873 1303 920 nec
1330 844 1401 919 ulla
1427 846 1500 920 fide

326 975 474 1071 dignam
502 999 583 1046 esse
612 973 787 1070 opinatur.
819 974 872 1047 Cf.
900 974 973 1046 Dio
992 972 1101 1060 XLII,
1136 997 1176 1044 2:
1202 985 1354 1063 »ἥκουσα
1362 988 1498 1059 μὲνγὰρ

328 1097 482 1194 (legerat
496 1096 629 1170 scilicet
643 1098 677 1169 in
694 1098 808 1186 Livin,
831 1123 878 1169 ex
897 1122 970 1194 quo
989 1093 1116 1169 Florus
1131 1094 1228 1167 idem
1243 1092 1495 1189 deprompsit.)

236 1304 238 1309 ,
325 1242 378 1298 ὅτι
396 1245 452 1297 καὶ
469 1237 504 1310 ἐς
522 1240 687 1311 Πάρθους
703 1234 1070 1310 φυγεῑνὲβουλεύσατο,
1088 1234 1130 1293 οὐ
1139 1236 1257 1306 μέντοι
1265 1237 1321 1290 καὶ
1330 1231 1499 1289 πιστεύειν

324 1359 403 1434 ἔχω.
435 1361 575 1422 Ἐκεῖνοί
601 1383 639 1421 τε
664 1364 727 1437 γάρ
745 1363 828 1433 τούς
847 1381 884 1419 τε
897 1359 1084 1434 Ῥωμαίους
1100 1362 1228 1431 πάντας
1245 1357 1300 1432 ἀφ’
1323 1344 1364 1416 οὗ
1383 1372 1499 1431 σφισιν

308 1488 344 1549 ’ὁ
373 1490 529 1564 Κράσσος
556 1486 810 1561 ἐπεστράτευσε,
838 1495 895 1547 καὶ
919 1492 981 1549 τὸν
1003 1490 1180 1562 Πομπήϊον
1197 1489 1347 1559 μάλιστα
1364 1487 1424 1544 άτε
1441 1491 1498 1542 καὶ

324 1616 535 1690 προσήκοντα
554 1612 658 1689 αὐτῷ,
675 1614 784 1687 οὕτως
798 1613 938 1686 ἑμίσουν
948 1616 1035 1674 ὥστε
1043 1621 1100 1673 καὶ
1109 1617 1169 1673 τὸν
1176 1616 1381 1689 πρεσβευτὴν
1390 1609 1497 1670 αὐτοῦ

324 1741 408 1815 πρὸς
423 1741 485 1813 τὴν
503 1738 635 1811 αἴτησιν
652 1715 709 1813 τῆς
727 1744 890 1814 βοηθείας
907 1739 1057 1817 ε’]ρθόντα
1074 1746 1175 1822 άησαι
1185 1746 1303 1815 καὶπερ
1313 1742 1498 1813 βουλευτὴν

324 1864 406 1923 ὅντα
432 1869 488 1921 καὶ
506 1860 526 1921 ὁ
544 1864 719 1936 Πομπήϊος
736 1862 799 1922 οὐκ
817 1863 860 1923 άν
875 1885 958 1923 ποτε
975 1874 1036 1924 τοῦ
1054 1866 1325 1937 πολεμιωτάτου,
1344 1850 1385 1922 οὗ
1403 1885 1439 1937 γε
1459 1852 1498 1923 εὖ

322 1984 478 2058 πράττων
495 1981 558 2040 οὐκ
577 1980 779 2055 ε’τετυηηνει,γ
798 1983 908 2056 ἱκέτης
924 1981 1082 2054 ὑπέμεινε
1099 1986 1311 2056 δυστυχήσας
1327 1986 1497 2056 γενέσθαι.

323 2091 497 2163 Attamen
532 2091 579 2163 de
613 2091 765 2164 veritate
801 2093 1012 2166 narrationis
1047 2093 1211 2172 dubitare
1246 2119 1318 2167 non
1345 2092 1436 2182 licet,
1468 2095 1497 2166 si

324 2215 508 2288 nobiscum
529 2230 737 2311 reputamus
750 2241 797 2287 ex
812 2241 885 2313 quo
901 2216 997 2290 sonte
1013 2218 1220 2290 manaverit.
1247 2218 1497 2315 Quaecunque

324 2338 419 2429 enim
447 2337 543 2433 apud
571 2334 806 2428 Plutarchum,
837 2340 1056 2436 Appianum,
1088 2342 1246 2414 Dionem
1273 2342 1321 2415 de
1348 2342 1435 2437 luga
1462 2357 1500 2414 et

325 2460 454 2534 ultimis
498 2462 578 2533 fatis
606 2462 756 2559 Pompei
785 2463 875 2535 miro
903 2489 1079 2535 consensu
1106 2465 1238 2559 scripta
1265 2480 1418 2553 exstant,
1454 2492 1500 2537 ea

324 2586 411 2658 satis
437 2601 578 2658 constat
605 2612 652 2657 ex
679 2612 751 2658 uno
780 2588 985 2685 eodemque
1013 2588 1110 2660 sonte
1138 2588 1301 2661 derivata
1328 2614 1419 2676 esse,
1451 2613 1500 2660 ex

326 2708 552 2804 Theophane
588 2707 819 2804 Mytilenaeo,
860 2712 1010 2806 Pompei
1044 2709 1139 2784 fideli
1171 2711 1288 2785 amico
1323 2728 1361 2784 et
1389 2712 1499 2807 fugae

327 2833 468 2920 comite,
508 2834 567 2930 qui
596 2858 653 2905 res
681 2832 783 2906 huius
812 2850 937 2929 gestas
961 2834 1109 2907 historia
1136 2860 1269 2931 graece
1297 2836 1496 2931 conscripta

326 2955 534 3054 complexus
576 2982 658 3030 esse
691 2957 842 3030 videtur.
880 2960 912 3053 1)
971 2959 1041 3030 Hic
1068 2984 1149 3030 cum
1177 2958 1423 3033 deliberationi
1450 2958 1498 3031 de

325 3081 491 3177 perfugio
511 3078 681 3178 eligendo
700 3082 898 3169 interesset,
916 3081 1089 3154 acerrime
1107 3108 1191 3155 eum
1205 3082 1415 3157 dehortatus
1430 3099 1497 3174 est,

327 3230 372 3277 ne
399 3230 440 3277 se
467 3230 643 3302 suamque
671 3230 823 3277 uxorem
851 3205 1111 3302 perfidissimae
1138 3207 1258 3302 gentis
1277 3208 1407 3280 iniuriis
1426 3210 1503 3281 ohi-

327 3342 435 3414 ceret,
466 3342 503 3399 et
531 3342 655 3400 auctor
683 3328 748 3400 suit
775 3328 910 3402 consilii
938 3331 1152 3427 Aegyptum
1185 3332 1342 3427 petendi.
1395 3329 1505 3405 Nulla

328 3476 436 3523 causa
464 3451 665 3547 excogitari
684 3468 816 3548 potest,
849 3478 960 3549 quare
979 3454 1242 3552 Theophanem
1260 3456 1350 3529 haec
1369 3456 1416 3529 de
1435 3482 1504 3529 suo

329 3574 473 3647 finxisse
506 3574 771 3667 existimemus3
801 3601 919 3674 neque
947 3577 1041 3650 enim
1069 3580 1220 3675 Pompei
1247 3605 1365 3677 neque
1392 3580 1505 3675 ipsius

330 3697 447 3771 lamae
476 3722 523 3771 ex
553 3700 621 3771 ista
652 3699 856 3773 narratione
887 3701 1083 3800 quidquam
1108 3701 1246 3798 gloriae
1267 3702 1352 3775 addi
1367 3704 1505 3800 potuit,

330 3820 402 3894 imo
439 3846 526 3893 vero
565 3820 691 3895 melius
718 3822 954 3898 consuluisset
981 3826 1127 3899 fautoris
1154 3827 1208 3899 sui
1235 3827 1502 3916 existimationi,

330 3946 359 4016 si
393 3943 589 4017 absurdum
618 3945 712 4019 istud
740 3946 925 4020 consilium
945 3947 1113 4023 oblivioni
1133 3950 1303 4025 dedisset.
1335 3951 1502 4041 Accedit,

331 4068 430 4166 quod
461 4068 598 4141 Caesar
625 4094 769 4167 quoque
798 4050 975 4145 Plutarchi
1001 4074 1115 4146 verba
1135 4074 1406 4171 quodammodo
1421 4100 1506 4147 con-

330 4190 457 4265 firmat.
501 4180 553 4263 B.
594 4192 634 4265 C.
675 4193 727 4282 lll,
772 4218 861 4287 103:
902 4196 1067 4285 »Quz'bus
1100 4199 1249 4294 cognatas
1279 4200 1383 4271 rebus
1414 4200 1504 4293 (scil.

331 4314 532 4389 defectione
570 4315 786 4390 Antiochiae
823 4333 861 4389 et
895 4318 1030 4415 Rhodi)
1068 4321 1258 4415 Pompeius
1294 4320 1508 4416 deposito

337 4514 488 4521 ...ι-

371 4603 393 4661 ι)
430 4599 467 4649 cr.
488 4599 587 4658 strabo,
607 4598 666 4659 617.
