3292 5259
555 1430 1001 1497 PRAEFATIO.

232 1860 459 1942 Praefationis
481 1864 548 1928 loco
569 1864 689 1946 paucis
710 1864 854 1927 rationes
876 1860 1015 1924 reddere
1039 1860 1134 1935 lubet,
1160 1858 1219 1941 oui
1231 1858 1365 1937 factum

189 1978 242 2051 sit,
267 1990 304 2043 ut
322 1980 505 2045 studiorum
529 2004 676 2047 meorum
698 1981 857 2063 specimen
880 1978 1043 2062 quoddam
1065 1976 1214 2041 editurus
1236 1973 1365 2037 taudem

190 2094 318 2158 delatus
339 2096 402 2159 sim
425 2097 474 2159 ad
492 2097 550 2161 boc
573 2097 612 2160 de
633 2096 799 2160 Parthicis
817 2096 915 2159 rebus
937 2102 1172 2177 argumentum.
1196 2091 1276 2153 Post
1291 2089 1363 2152 alia

192 2212 359 2288 nonnullo,
396 2234 479 2297 quae
494 2216 644 2296 primum
658 2215 800 2295 frustra
824 2223 1037 2288 tentaveram,
1062 2214 1216 2294 quaeque
1230 2228 1363 2272 comme·

192 2348 326 2392 morare
360 2351 423 2394 non
458 2332 556 2395 buius
589 2332 653 2396 loci
681 2342 736 2405 est,
759 2331 870 2394 studia
893 2351 966 2393 meo
990 2328 1111 2393 contuli
1130 2328 1179 2390 ad
1196 2323 1369 2389 Plutarchi

191 2444 294 2509 vitam
317 2447 462 2523 Antonii,
488 2449 584 2532 idque
606 2450 655 2512 ad
672 2470 745 2513 eam
753 2448 959 2531 potissimum
969 2456 1112 2528 partem,
1130 2446 1164 2507 in
1177 2464 1242 2527 qua
1253 2442 1367 2525 agitur
1459 2485 1460 2488 κ

192 2561 232 2625 de
264 2564 404 2629 Antonii
423 2566 521 2631 rebus
543 2568 577 2630 iu
605 2564 737 2630 Oriente
753 2566 864 2651 gestis.
886 2565 943 2629 Sic
960 2564 1075 2647 prima
1097 2562 1183 2627 milei
1203 2569 1366 2625 contracta

191 2693 240 2746 est
259 2704 331 2747 cum
354 2684 512 2748 Parthica
528 2695 625 2769 geute
638 2684 880 2765 familiaritas,
905 2704 967 2753 aon
990 2682 1096 2746 hercle
1118 2700 1231 2744 amore
1254 2699 1367 2742 rerum

191 2799 247 2862 vel
266 2800 474 2864 amoenitates
496 2802 552 2865 vel
570 2800 747 2866 suavitatis
772 2837 809 2845 —
838 2800 954 2863 etenim
977 2798 1050 2881 quis
1072 2798 1139 2860 erit
1158 2795 1213 2859 cui
1227 2805 1366 2879 gratum

191 2914 343 2979 videatur
355 2918 569 2998 etpulcbrum
582 2919 715 3000 iterper
727 2917 935 2981 solitudinem
940 2916 1076 2998 plenam
1089 2914 1298 2977 tenebrarum
1308 2916 1366 2974 t-

191 3031 252 3092 sed
280 3031 342 3094 bac
375 3054 440 3095 una
463 3035 502 3097 de
525 3056 633 3109 consa,
658 3034 747 3117 quod
763 3034 872 3116 operis
894 3032 960 3095 mei
973 3031 1180 3113 propositum
1196 3029 1368 3110 postulare

194 3147 399 3224 arbitrabar,
434 3159 471 3212 ut
491 3170 530 3213 ne
545 3150 648 3231 plane
670 3170 770 3213 essem
793 3149 908 3230 hospes
929 3149 963 3211 iu
986 3123 1126 3211 historia
1143 3147 1262 3231 gentis,
1286 3166 1369 3229 quae

192 3275 296 3329 aetate
317 3265 459 3335 Antonii
473 3266 609 3349 primas
626 3276 741 3349 partes
765 3266 800 3329 iu
827 3263 958 3329 Oriente
968 3265 1091 3349 agebat.
1115 3265 1208 3328 Haec
1219 3262 1368 3346 cogitatio

189 3382 359 3447 stimulum
371 3383 457 3447 milii
464 3384 595 3447 addidit
603 3383 652 3447 ad
658 3383 850 3447 Partlu'cum
864 3384 928 3447 iter
936 3382 1191 3467 ingrediendum.
1223 3382 1253 3445 V
1250 3381 1365 3445 iudum

191 3511 298 3564 autem
333 3522 355 3563 a
389 3501 487 3583 regni
502 3501 702 3582 primordiis
720 3502 904 3583 profectum
928 3511 1053 3564 tautum
1076 3521 1127 3564 me
1149 3500 1232 3581 cepit
1251 3499 1361 3564 odium

193 3619 313 3701 negotii
343 3620 489 3702 suscepti,
527 3628 566 3683 ut
595 3621 652 3684 vel
669 3620 741 3683 sola
764 3620 947 3684 recordatio
969 3620 1114 3684 taedium
1137 3619 1223 3683 milei
1237 3618 1365 3701 pariat,

194 3736 272 3799 adeo
308 3736 396 3800 nibil
426 3738 587 3813 videbam,
612 3737 701 3820 quod
720 3738 827 3802 oculos
850 3748 978 3814 teneret,
1004 3737 1091 3801 nibil
1111 3739 1200 3821 quod
1217 3738 1366 3801 animum

193 3852 373 3927 delectaret,
395 3854 456 3917 sed
473 3858 598 3919 memor
620 3866 737 3937 operae
760 3855 957 3919 necessitatis
980 3854 1097 3918 itinere
1117 3856 1248 3939 saepius
1267 3856 1365 3919 inter·

192 3969 291 4033 ruisso
307 3971 558 4054 progrediebar,
582 3972 679 4037 donec
689 3972 1049 4054 tandempostmultum
1062 3972 1188 4037 laboris
1202 3973 1363 4058 taediique

188 4088 328 4169 perveni
359 4089 408 4151 ad
438 4110 574 4172 regnum
601 4086 731 4166 Orodis,
755 4090 997 4155 Arsacidarum
1020 4091 1139 4155 decimi
1159 4091 1278 4175 quarti.
1312 4091 1365 4154 Ab

191 4207 249 4271 boc
283 4207 358 4272 inde
391 4219 533 4291 tempore
569 4210 678 4273 omnio
713 4210 853 4274 laetiora
886 4210 972 4274 milii
994 4210 1213 4286 obveniebant,
1244 4220 1277 4273 et
1296 4210 1365 4273 iam

181 4326 338 4407 firmiore
342 4326 456 4408 gradu
468 4336 563 4410 atoue
573 4328 684 4390 auimo
695 4328 860 4391 alacriore
870 4328 961 4391 viam
966 4322 1197 4412 persequebar·
1225 4327 1365 4391 Cursum

190 4463 275 4505 emm
298 4442 445 4527 dirigere
468 4444 585 4507 licebat
605 4445 638 4508 in
661 4444 809 4527 regiones
828 4445 1007 4509 nobiliores
1029 4446 1198 4528 magisque
1211 4446 1363 4528 frequen·

191 4570 284 4636 tatas,
314 4571 378 4641 per
412 4582 495 4645 quas
527 4562 616 4626 viam
653 4562 738 4627 milei
766 4562 994 4626 monstrabant
1023 4562 1117 4624 duces
1141 4562 1235 4625 baud
1246 4564 1364 4644 paullo

186 4677 360 4757 peritiores
393 4700 491 4762 quom
533 4679 591 4762 qui
623 4688 698 4742 ante
732 4678 862 4741 labanti
889 4678 975 4742 milei
1002 4677 1188 4754 adfuerant.
1226 4680 1365 4742 Praeter
