3292 5259
745 369 797 406 111

171 524 253 602 sere
290 520 412 602 vigilia
442 520 591 594 uenisset,
615 520 705 601 esque
733 533 762 582 te
784 531 859 582 ante
885 521 985 583 lucent
1009 521 1153 584 lconiutn
1176 521 1261 584 nu'lu
1282 541 1355 582 vett·

180 640 291 692 tnrurn
315 626 504 702 nuntiasset,
530 627 759 708 incertumque,
772 637 849 688 ntra
863 628 930 702 uia,
944 648 1016 690 curu
1029 629 1237 702 essenta'uae,
1251 627 1357 689 altera
1393 665 1397 670 -

188 735 379 805 Varronem,
414 741 506 794 tuurn
531 732 857 810 familiarissimum,
894 734 1002 796 altera
1026 732 1067 815 Ω.
1091 735 1237 816 Leptam,
1254 745 1356 814 prae·

180 841 302 914 fectum
318 838 461 916 fabrum
474 859 591 912 ineurn,
605 839 667 900 tibi
676 839 806 901 abviant
818 840 903 902 ricz'si.
917 840 1084 903 Maredaui
1093 842 1223 924 utrique
1233 861 1355 913 earnni,

182 956 220 1008 nt
244 954 320 1006 ante
356 943 404 1006 ad
429 965 480 1005 rue
502 954 727 1019 excurrerent,
757 955 794 1011 nt
813 946 875 1008 tibi
896 947 1027 1008 obsitam
1046 947 1187 1026 prodire
1208 958 1337 1027 possem
1350 971 1357 1006 ‚-

183 1071 317 1114 currens
365 1050 466 1129 Lepta
500 1050 607 1134 ,uenit
653 1052 796 1134 acinique
831 1052 997 1114 nuntiavit
1028 1060 1066 1114 te
1101 1054 1180 1114 iam
1217 1061 1357 1114 eastra

184 1165 546 1239 praetergressum
571 1176 671 1217 esse.
710 1156 886 1230 Confeslnn
899 1158 1043 1220 lconiurn
1056 1159 1138 1222 veni.
1166 1158 1279 1221 Cetera
1291 1157 1359 1219 iani

183 1262 243 1325 tibi
276 1272 353 1324 ricta
386 1261 490 1324 sunt.''
539 1261 665 1343 Quodsi
698 1282 787 1335 vero,
823 1271 858 1325 ut
890 1263 1058 1344 perspicue
1092 1264 1167 1326 inde
1207 1274 1354 1344 apparet,

184 1368 312 1449 Appius
346 1376 588 1450 praetervectus
623 1379 673 1430 est
707 1350 908 1440 Ciceronem,
944 1371 1049 1432 adduc
1081 1381 1189 1433 castra
1224 1371 1271 1432 ad
1292 1370 1358 1432 lca·

185 1476 275 1538 niurn
312 1475 491 1547 habentem,
526 1475 696 1559 omnisque
727 1477 822 1556 igitur
846 1497 921 1558 spes
944 1477 1094 1561 colloquii
1122 1477 1266 1557 praecisa
1291 1489 1360 1538 erat

185 1583 247 1643 iam
272 1590 447 1666 antequam
472 1579 586 1644 Cicero
610 1582 670 1643 iter
687 1583 729 1644 ab
742 1583 851 1644 Iconio
864 1567 987 1665 ingredi
1000 1585 1117 1664 coepit,
1138 1584 1214 1667 quis
1226 1584 1359 1645 tandem

185 1690 252 1767 erit,
290 1689 344 1772 qui
378 1690 409 1749 in
443 1688 585 1751 animum
622 1689 683 1750 sibi
707 1689 847 1766 inducat,
873 1699 908 1752 ut
930 1701 1039 1753 castra
1062 1711 1192 1753 innuens
1214 1689 1271 1752 uel
1286 1699 1364 1770 past

185 1807 270 1859 ructa
310 1805 418 1858 castra
455 1793 572 1883 Cicero
607 1794 777 1876 epistolam
817 1807 962 1858 nostram
997 1798 1038 1857 ad
1062 1796 1209 1877 Appium
1233 1797 1360 1857 mittere
1400 1870 1402 1874 Ι

185 1901 348 1984 potuerit?
373 1900 513 1963 Accedit
536 1899 598 1962 alia
622 1921 681 1975 res,
709 1922 792 1985 quae
816 1921 881 1962 non
906 1903 1007 1963 minus
1031 1903 1224 1964 sententiam
1250 1923 1358 1964 meam

186 2009 363 2072 confirmat.
402 2007 476 2089 Quo
511 2009 563 2069 die
600 2017 704 2069 castra
739 2007 781 2069 ab
805 2008 1049 2080 lconiomovit,
1075 2009 1201 2083 sciebat
1224 2008 1360 2070 Parthos

185 2116 385 2197 Euphratem
408 2115 569 2176 transiisse
598 2117 637 2196 1).
665 2114 832 2180 Attamen,
858 2133 898 2175 ne
910 2113 1012 2175 verbo
1026 2115 1158 2197 quidem
1171 2115 1223 2176 hic
1235 2115 1362 2177 nuntius

185 2224 216 2285 in
240 2222 377 2304 epistola
400 2224 442 2285 ad
465 2222 612 2304 Appium
636 2229 918 2283 commemoratur.

229 2330 356 2403 Omnia,
381 2332 412 2392 ni
436 2328 537 2403 fallor,
559 2349 638 2390 sana
662 2339 695 2390 et
705 2329 793 2390 salva
805 2337 907 2400 erunt,
922 2328 947 2388 si
960 2326 1023 2390 levi
1037 2328 1215 2389 mutatione
1229 2327 1360 2408 legeris:

189 2449 316 2500 »castra
339 2458 373 2499 m
387 2437 537 2498 ovebo
561 2435 614 2497 ab
638 2435 748 2498 Icania
764 2436 854 2515 prid.
875 2435 949 2497 Kal.
977 2434 1094 2515 Sept'’,
1127 2444 1160 2496 et
1183 2435 1209 2495 si
1234 2455 1362 2496 mecum

185 2545 333 2606 statueris
355 2545 477 2606 litteras
502 2542 663 2604 nonnullis
688 2541 801 2604 diebus
825 2551 900 2603 ante
924 2561 996 2602 esse
1021 2543 1124 2614 dataS,
1151 2541 1275 2603 circiter
1287 2562 1315 2602 a.
1330 2544 1359 2604 d.

184 2651 246 2713 VII
281 2650 456 2725 Kalendas
491 2650 633 2734 quodie
659 2649 998 2730 incastrapervenit.
1046 2648 1194 2729 Quodsi
1219 2646 1361 2719 fecimus,

185 2757 235 2819 hic
270 2778 381 2820 rerum
416 2758 497 2818 ordo
534 2756 650 2817 evadit.
690 2755 802 2839 Inique
837 2753 942 2816 ferens
977 2755 1130 2815 nondum
1155 2774 1189 2815 se
1213 2754 1360 2836 Appium

186 2864 313 2938 vidisse,
352 2863 477 2939 Cicero,
513 2872 547 2923 ut
582 2871 687 2924 castra
721 2861 838 2941 attigit,
874 2882 932 2942 per
956 2861 1077 2923 litteras
1100 2863 1129 2922 ei
1153 2871 1264 2922 notam
1288 2861 1364 2923 lacit

185 2979 289 3032 totam
325 2971 445 3032 itineris
483 2965 650 3041 rationem,
686 2976 721 3029 ut
756 2972 861 3041 sciret,
885 2967 938 3029 ubi
963 2977 995 3028 et
1019 2969 1151 3050 quando
1174 2971 1270 3032 salua
1297 2971 1365 3051 lege

186 3076 343 3140 Cornelia
366 3077 385 3138 i.
410 3097 439 3140 e.
464 3086 539 3139 ante
561 3076 643 3157 prid.
672 3075 745 3136 Kal.
770 3074 860 3156 Sept.
887 3094 964 3148 sese¹
982 3075 1070 3136 adire
1095 3083 1229 3155 posset;
1266 3077 1364 3137 docet

187 3203 272 3256 eum,
313 3204 348 3245 se
387 3182 468 3264 prid.
493 3181 565 3242 Kal.
590 3180 680 3262 Sept.
707 3190 812 3243 castra
836 3200 907 3242 esse
932 3190 1102 3242 moturum.
1139 3182 1253 3264 Itaque
1277 3202 1305 3242 a.
1332 3183 1363 3243 d.

187 3288 232 3350 ΙΙΙ
254 3289 327 3352 Kal.
352 3288 466 3351 lustrat
489 3287 667 3352 exercitum
691 3289 743 3371 (ad
767 3285 838 3348 Att.
863 3286 904 3347 V.
920 3301 971 3348 20.
987 3287 1028 3369 2).
1044 3285 1110 3350 Sed
1123 3287 1175 3348 die
1187 3288 1364 3349 constituto

186 3416 251 3458 non
277 3396 501 3478 proficiscitur,
528 3396 616 3478 quod
641 3395 769 3477 Appius
792 3412 949 3477 nusquam
974 3403 1131 3475 apparet;
1157 3395 1244 3456 diem
1257 3415 1299 3455 ex
1313 3394 1364 3454 die

185 3511 369 3584 exspectat,
394 3503 499 3564 donec
523 3501 678 3583 cognovit
701 3501 849 3584 Appium
864 3508 962 3562 noctu
975 3510 1078 3563 castra
1091 3510 1364 3582 praetergressum
1417 3548 1422 3558 .

185 3629 279 3689 spem
317 3607 469 3692 colloquii
504 3608 647 3669 elusisse.
684 3609 740 3670 Ad
771 3607 855 3668 hanc
879 3605 984 3668 lucem
1008 3605 1142 3688 intelligi
1166 3615 1285 3688 potest,
1312 3610 1365 3690 qui

187 3713 309 3774 factum
332 3715 382 3787 sit,
410 3724 445 3776 ut
467 3713 566 3795 legati
590 3714 746 3777 Antiochi
770 3712 985 3792 Commageni
1009 3733 1037 3779 a.
1062 3714 1092 3774 d.
1118 3713 1163 3775 HI
1174 3713 1257 3775 Non.
1273 3713 1364 3794 Sept.

187 3817 380 3880 Ciceronem
415 3822 457 3881 ad
480 3820 622 3882 Iconium
648 3821 835 3894 invenirent,
862 3820 1008 3904 quamvis
1031 3819 1132 3881 tribus
1155 3820 1268 3882 diebus
1292 3831 1365 3881 ante

185 3924 260 3986 inde
284 3923 453 3986 discedere
466 3928 669 4007 propositum
687 3926 862 3989 habuisset.
878 3927 908 4009 2)
935 3926 1032 4007 Quod
1045 3927 1161 3990 attinet
1174 3927 1216 3988 ad
1232 3926 1365 3989 alteram

224 4134 246 4195 Ι)
266 4131 299 4178 ad
320 4132 371 4181 Att.
391 4131 420 4180 V.
442 4143 483 4179 20.
505 4143 548 4180 2.:
567 4149 616 4189 „ex
633 4132 672 4179 lu's
690 4131 785 4190 castris,
805 4147 860 4178 curn
877 4146 970 4194 graves
992 4131 1021 4178 de
1040 4130 1147 4178 Partitis
1163 4129 1369 4178 nuruiiuenirea

175 4221 287 4287 perrexi
304 4221 332 4268 in
358 4217 497 4269 Cilieeane.”
516 4219 550 4267 ad
568 4221 638 4269 Fam.
659 4220 714 4269 XV.
736 4233 759 4281 3.
783 4232 822 4272 1.:
843 4221 925 4277 „Cum
945 4220 982 4266 ad
1000 4235 1037 4266 ene
1046 4218 1123 4281 legati
1132 4217 1201 4266 retissi
1208 4219 1239 4264 ab
1249 4216 1368 4265 Aruiaclea

188 4311 354 4374 Canunageno
379 4309 502 4358 venissent
528 4308 556 4355 in
581 4316 664 4355 castra
694 4308 731 4354 ad
755 4308 867 4355 Iconium
897 4323 921 4357 a.
943 4307 968 4359 d,
989 4307 1039 4354 III
1053 4307 1113 4355 Kal.
1136 4307 1201 4370 Sept.
1221 4305 1288 4369 iique
1307 4306 1370 4353 recidi

183 4397 351 4456 nuntiassent,
370 4416 425 4464 sqq.
1020 4391 1028 4396 “

217 4485 243 4552 2)
263 4487 343 4549 Quod
371 4487 459 4536 Cicero
487 4487 585 4551 aliquot
613 4485 667 4534 dies
694 4486 799 4550 protulit
826 4449 1023 4550 profectionem,
1043 4485 1069 4532 id
1091 4500 1123 4532 ne
1144 4483 1217 4531 nimis
1240 4483 1365 4531 miremur.

184 4575 257 4624 Idem
276 4575 370 4624 fecerat
391 4577 417 4624 in
438 4575 541 4641 oppidis
561 4575 691 4638 Phrygiae.
715 4574 819 4638 Scripsit
839 4573 965 4622 Trallibus
985 4573 1017 4620 ad
1039 4573 1153 4638 Appium
1177 4572 1219 4634 (ad
1238 4573 1307 4622 Fam.
1320 4573 1368 4621 111.

184 4674 209 4727 5.
238 4666 293 4726 4.):
314 4664 438 4728 „egotibi
455 4680 537 4712 rrteunt
558 4662 689 4711 carisiliunc
707 4669 830 4725 exponam
838 4677 848 4710 .·
859 4669 905 4726 pr.
930 4661 991 4713 Kal.
1014 4662 1083 4713 Sext,
1094 4667 1159 4724 puta
1178 4676 1216 4708 rue
1235 4660 1371 4708 Laodiceae
