3292 5259
858 300 895 353 24

287 458 572 532 successione
597 456 812 549 'imperium
849 453 980 547 aceepit
1010 451 1154 537 Orodes,
1172 430 1256 546 'qui
1286 451 1477 521 Crassum

287 582 419 666 delevit,
450 589 483 652 et
504 580 655 676 Syreem
671 588 744 673 per
757 577 888 674 fileiem
913 578 1092 648 Pacorum
1117 574 1326 672 occupavit.’'
1367 577 1477 648 Hinc

288 701 377 776 facili
405 704 554 800 negotio
578 700 754 798 colligitur
778 702 813 773 in
846 701 988 798 integro
1016 699 1134 797 Trogi
1152 725 1265 796 opere
1278 700 1477 799 utriusque

287 828 384 924 regis
409 826 600 899 discrimen
614 824 804 923 diligenter
817 824 925 897 fuisse
938 838 1132 908 servatum,
1149 848 1267 921 neque
1280 824 1328 896 ibi
1343 849 1476 896 occur-

287 951 376 1023 risse
398 947 572 1038 lacunam,
597 973 691 1047 quae
718 947 998 1044 deprehenditur
1024 946 1121 1043 apud
1139 947 1319 1037 lustinum,
1341 974 1476 1047 quam·

289 1100 360 1173 que
385 1098 431 1145 eo
456 1073 606 1170 iniquius
633 1054 778 1145 serimus
805 1086 1001 1168 propterea
1030 1071 1129 1169 quod
1150 1071 1233 1143 inde
1247 1072 1472 1164 factumest,

289 1213 328 1269 ut
352 1198 521 1269 aterrima
546 1212 652 1269 nocte
679 1211 890 1292 premantur
917 1210 1097 1289 tempora,
1125 1220 1219 1293 quae
1247 1195 1473 1271 Mithridatis

289 1322 414 1419 Magni
443 1346 595 1416 regnum
624 1321 897 1416 subsequuntur.
938 1321 971 1415 1)

343 1446 403 1517 De
437 1442 532 1517 bello
561 1470 583 1517 a
597 1445 807 1517 Mithridate·
818 1444 862 1515 Ill
876 1443 1072 1516 Armeniae
1092 1438 1189 1516 illato
1203 1442 1301 1517 solus
1314 1446 1474 1518 lustinus

290 1570 393 1643 nobis
420 1568 522 1641 testis
548 1574 615 1640 est.
644 1568 850 1639 Mommsen
871 1547 978 1662 (Hist.
1000 1567 1107 1640 Rom.
1129 1567 1173 1638 Ill
1194 1570 1284 1663 327)
1311 1566 1475 1641 affirmat

291 1692 487 1766 Armeniae
506 1716 659 1787 regnum
673 1705 755 1762 tunc
770 1690 878 1770 luisse
892 1667 1004 1786 peiles
1019 1690 1260 1778 Artavasden,
1294 1690 1472 1787 Tigranis

291 1816 409 1906 filium,
441 1817 539 1889 cuius
565 1814 617 1887 rei
640 1813 814 1887 disertum
836 1812 1079 1886 testimonium
1097 1826 1274 1910 nusquam
1294 1831 1469 1910 apparet,

290 1967 408 2039 neque
436 1939 532 2013 aliud
552 1939 671 2011 afferri
685 1951 808 2035 potest
822 1952 1085 2033 argumentum,
1113 1963 1222 2035 quam
1241 1938 1340 2035 quod
1354 1938 1470 2011 etiam

291 2065 516 2138 adversarius
531 2062 749 2135 Mithridatis
762 2062 891 2158 Magni
905 2086 1037 2134 nomen
1061 2061 1277 2135 Artavasdis
1291 2064 1447 2157 gerebat
1460 2098 1469 2153 3

291 2188 411 2260 lustini
450 2188 545 2259 enim
583 2212 682 2259 error
722 2183 856 2259 facilius
881 2200 1005 2282 potest
1030 2183 1219 2282 explicari,
1265 2187 1295 2258 si
1321 2185 1394 2258 duo
1420 2173 1469 2259 illi

293 2336 401 2407 reges
442 2312 638 2383 Armeniae
676 2310 911 2405 cognomines
949 2311 1098 2414 suerunt
1155 2310 1232 2383 Sed
1268 2336 1397 2388 vereor
1421 2337 1470 2385 ne

292 2452 497 2531 temporum
522 2434 615 2507 ratio
639 2435 685 2506 sit
714 2433 983 2529 impedimento
1030 2436 1192 2523 Constat,
1225 2450 1262 2507 ut
1289 2434 1377 2507 infra
1402 2435 1467 2507 do·

293 2560 403 2647 ceb0,
435 2560 506 2631 iam
532 2558 652 2631 media
677 2573 818 2631 aestate
832 2558 914 2629 anni
932 2563 980 2649 56
996 2558 1241 2630 Mithridatem
1256 2559 1290 2630 in
1304 2556 1467 2632 exsilium
1536 2596 1553 2604 ·

293 2710 374 2757 esse
411 2679 618 2779 expulsum3
661 2678 794 2755 bellum
838 2680 945 2776 igitur
981 2681 1193 2755 Armenium
1218 2698 1363 2778 gestum
1386 2708 1467 2755 esse

295 2821 440 2902 oportet
459 2820 555 2878 certe
574 2831 645 2878 non
663 2821 747 2902 post
765 2805 847 2877 anni
869 2804 1030 2878 eiusdem
1049 2804 1194 2877 initium.
1227 2806 1284 2879 Eo
1303 2822 1464 2903 tempore

295 2930 476 3026 Tigranes
498 2930 674 3002 -nondum
715 2956 735 3003 e
777 2930 853 3003 vita
883 2929 1108 3018 decesserat,
1155 2930 1254 3027 quod
1279 2932 1465 3003 manifesto

295 3069 448 3149 apparet
475 3079 522 3125 ex
551 3054 733 3127 Ciceronis
762 3054 925 3128 oratione
950 3077 1018 3149 pro
1043 3054 1081 3125 P.
1112 3053 1243 3143 Sestio,
1271 3080 1366 3152 quae
1384 3070 1470 3127 ante

296 3204 327 3251 a.
359 3178 394 3249 d.
424 3178 453 3249 ll
478 3177 528 3249 ld.
558 3179 663 3251 Mart.
691 3177 814 3251 habita
841 3193 907 3252 est.
942 3176 995 3248 Cf.
1023 3200 1090 3272 pro
1118 3176 1250 3264 Sestio,
1281 3198 1349 3269 59:
1385 3178 1472 3249 »Ti-

290 3326 431 3399 granes
458 3302 584 3399 egitur,
613 3304 678 3398 piei
698 3312 732 3373 et
756 3303 831 3397 ipse
855 3301 968 3373 ieste's
980 3299 1069 3395 fuit
1082 3302 1216 3396 pepuli
1232 3288 1409 3388 Romani,
1439 3314 1475 3375 et

300 3427 518 3499 acerrimum
545 3426 679 3497 leesteen
697 3426 909 3520 teregnum
926 3424 1057 3518 recepit
1065 3480 1288 3498 ...........
1310 3442 1470 3521 regnat

297 3548 458 3635 hodie,
489 3558 522 3620 et
544 3548 722 3619 amicitiae
750 3571 875 3618 nemen
900 3571 941 3617 ee
964 3546 1147 3633 societates,
1168 3549 1388 3643 paederotes
1401 3550 1472 3621 vee-

298 3676 406 3760 leret,
437 3673 480 3743 id
479 3673 648 3766 precibus
661 3680 713 3742 est
723 3670 955 3743 consecutus.''
981 3668 1097 3766 Regis
1111 3670 1325 3773 Artavasdis
1338 3698 1473 3745 nomen

299 3796 453 3891 primum
480 3796 631 3867 occurrit
656 3795 704 3867 ad
732 3820 863 3867 annum
881 3815 941 3886 53,
969 3819 1079 3891 quum
1095 3795 1227 3867 Crasso
1242 3796 1276 3867 in
1290 3795 1473 3869 Parthiam

300 3919 483 3995 invadenti
505 3916 639 3997 ,obtulit
663 3945 766 3991 suam
794 3920 1017 3992 societatem.
1039 3922 1074 4015 2)

309 4062 460 4073 ..—-—-·-

339 4139 365 4205 1)
406 4138 475 4186 Male
502 4136 603 4196 factum,
632 4138 702 4203 quod
720 4138 761 4187 vel
783 4138 958 4187 Mommsenus
976 4139 1003 4187 in
1023 4139 1091 4187 Hist.
1112 4140 1188 4187 Rom.
1211 4140 1247 4199 II,
1271 4140 1321 4189 268
1340 4158 1354 4189 a
1375 4142 1472 4190 Iustino

300 4228 326 4276 ln
353 4241 462 4274 errorem
480 4225 597 4273 inductus
615 4226 755 4275 Mithridati
775 4226 871 4290 Magno
893 4227 1012 4285 attribuit,
1032 4242 1096 4292 quae
1114 4228 1148 4275 ad
1168 4227 1339 4293 Mithridatem
1359 4230 1400 4276 111
1420 4246 1475 4293 per·

300 4314 442 4363 tinuerunt:
462 4312 535 4370 „und
551 4313 677 4361 wdkrend
693 4314 732 4362 die
753 4315 861 4363 Greszen
877 4314 917 4363 des
935 4315 1044 4373 Reicies,
1056 4315 1089 4378 ja
1108 4314 1154 4362 der
1172 4315 1253 4379 eigene
1262 4317 1370 4366 Beuder
1382 4318 1476 4365 Orodes

300 4402 346 4449 r'lm
374 4401 433 4455 (den
463 4400 627 4449 Mithridates
655 4401 699 4464 II)
728 4407 820 4449 stelrzte
848 4401 905 4449 und
928 4400 1010 4449 ttdten
1036 4402 1100 4461 liesz,
1118 4404 1193 4451 erleob
1210 4403 1261 4452 sr'clt
1279 4404 1324 4453 das
1342 4405 1377 4453 bis
1395 4406 1476 4455 dalein

301 4488 482 4538 unbedeutende
500 4488 663 4541 Armenien,’'

339 4581 366 4634 2)
403 4576 440 4625 Cf.
461 4576 525 4625 Plut.
546 4577 627 4625 Crass.
651 4590 689 4639 19.
764 4621 767 4625 .
