3292 5259
750 362 788 436 69

179 525 330 617 tulimus
360 556 433 627 quo
464 527 595 602 nullum
624 527 720 603 aliud
748 531 948 603 evidentius
968 529 1203 618 demonstrat,
1228 545 1361 626 quanta

177 652 344 726 socordia
385 669 494 752 atque
530 654 662 727 incuria
700 654 818 751 Trogi
843 681 935 751 opus
964 654 998 727 in
1026 653 1210 750 epitomen
1237 654 1283 726 sit
1306 679 1359 726 re-

155 754 331 864 'dactum
362 775 412 850 sic
438 777 494 850 hic
520 805 676 876 quoque,
712 781 781 852 etsi
809 780 888 876 ipsa
915 779 1034 876 Trogi
1060 780 1173 852 verba
1201 794 1358 852 aetatem

177 925 247 973 non
287 899 440 989 tulerint,
485 927 556 974 non
598 902 836 976 dubitandum
877 919 943 992 est,
983 903 1067 1000 quin
1095 902 1223 1001 quibus
1251 904 1358 975 rebus

176 1025 252 1120 ipse
281 1025 381 1098 testis
409 1023 569 1123 aequalis
597 1026 719 1114 adsuit,
750 1027 881 1103 rectius
902 1052 970 1100 eae
985 1052 1028 1100 ac
1041 1025 1245 1123 diligentius
1260 1027 1357 1123 apud

177 1146 271 1220 illum
299 1149 453 1245 scriptae
481 1149 691 1238 exstiterint,
722 1175 832 1247 quam
860 1148 958 1246 apud
984 1151 1153 1223 lustinum
1178 1148 1352 1249 leguntur.

163 1281 169 1291 ’
228 1272 330 1345 Haec
373 1272 503 1360 omnia,
549 1288 587 1346 ut
621 1272 758 1368 opinor,
797 1273 972 1347 sufficient
999 1275 1047 1348 ad
1075 1273 1354 1349 confirmandam

175 1396 398 1485 sententiam,
439 1423 546 1495 quam
586 1397 684 1470 initio
717 1397 819 1471 huius
847 1398 974 1495 capitis
1002 1398 1196 1495 posuimus,
1226 1425 1353 1496 parum

175 1522 221 1595 ad
258 1499 377 1594 rerum
417 1521 660 1595 Parthicarum
693 1522 857 1596 notitiam
885 1523 1087 1596 redundare
1124 1521 1353 1597 emolumenti

175 1670 221 1719 ex
266 1646 307 1718 iis
335 1672 429 1744 quae
457 1646 637 1720 derebus
665 1648 712 1721 ab
741 1647 868 1720 Orode
896 1662 933 1720 et
962 1647 1115 1721 Phra'ate
1143 1647 1256 1742 gestis
1284 1648 1353 1720 lus-

172 1771 264 1842 tinus
311 1770 445 1867 scripto
485 1770 720 1845 mandaverit.
778 1771 862 1844 Non
890 1769 1075 1858 diffiteor,.
1093 1769 1148 1842 hic
1176 1767 1242 1844 illic
1270 1796 1351 1843 eum

173 1919 489 1981 commemorasse,
538 1920 632 1992 quae
665 1896 794 1968 frustra
821 1894 920 1992 apud
947 1909 1100 1968 ceteros.
1115 1909 1351 1992 quaeruntur3

174 2015 387 2116 plerumque
427 2043 516 2091 vero
556 2019 603 2092 de
631 2020 737 2093 rebus
767 2035 968 2093 memoratu
996 2018 1214 2116 dignissimis
1242 2043 1350 2117 quam

171 2143 396 2238 paucissimis
442 2140 607 2232 absolvit,
652 2160 689 2217 et
735 2145 764 2217 si
802 2144 950 2242 quando
977 2141 1116 2240 plenior
1143 2158 1180 2216 et
1208 2143 1351 2215 uberior

171 2267 330 2339 narratio
355 2265 528 2362 procedit,
560 2268 882 2342 tantam‘ostendit
908 2265 1176 2365 negligentiam,
1198 2282 1237 2339 ut
1260 2283 1297 2339 et
1316 2268 1350 2339 in

170 2390 215 2462 iis
242 2390 403 2487 partibus
430 2390 601 2464 historiae
627 2391 824 2479 Parthicae,
858 2418 952 2491 quae
978 2389 1056 2465 sola
1088 2391 1207 2464 Iustini
1232 2407 1349 2464 aucto·

169 2513 279 2586 ritate
319 2514 482 2601 nituntur,
527 2513 675 2588 multum
711 2516 757 2589 de
782 2517 854 2589 fide
887 2515 963 2589 eius
991 2514 1241 2611 derogandum
1269 2542 1350 2589 esse
1436 2568 1439 2575 -

170 2654 333 2712 statuere
358 2637 472 2713 liceat.
583 2716 587 2723 ,
