3292 5259
779 333 814 390 97

191 495 256 552 tes
279 480 392 553 datae
405 495 497 568 sunt,
515 496 554 552 ut
567 507 676 577 supra
695 483 804 578 (Vide
817 511 903 583 pag.
923 511 983 577 90,
1003 491 1068 583 91)
1088 488 1331 580 indicavimus,
1352 517 1384 566 a.

190 605 230 679 d.
271 605 353 677 XII.
371 604 452 678 Kal.
471 604 552 678 Oct.
571 606 714 700 Quodsi
729 625 851 682 autem
867 611 1083 702 tabellarius,
1101 612 1333 711 quiceleriter
1349 620 1382 711 1)

189 730 328 801 Roma
342 729 389 802 ad
400 730 568 825 Cybistra
582 730 773 827 epistolam
788 733 977 830 pertulisse
991 737 1128 827 dicitur,
1146 739 1387 836 quadraginta

188 868 348 948 septem
389 853 468 926 dies
509 854 545 926 in
586 855 711 928 itinere
745 860 992 955 comsumpsit,
1023 862 1101 958 quis
1130 863 1277 935 tandem
1305 865 1382 951 erit,

189 978 259 1074 qui
304 979 429 1051 credat
468 978 650 1052 Ciceronis
676 979 869 1075 epistolam
898 997 935 1054 et
963 983 1078 1056 Cassii
1107 982 1243 1059 litteras
1271 988 1384 1060 victri-

190 1129 273 1190 ceS,
321 1103 472 1191 etiamsi,
512 1119 551 1176 ut
590 1104 778 1177 Drumann
815 1105 991 1201 perhibet,
1026 1134 1149 1182 mense
1178 1110 1384 1207 Septembri

188 1226 354 1299 victoria
378 1241 476 1299 esset
502 1243 697 1323 reportata,
725 1230 848 1302 Nonis
879 1231 1085 1304 Octobribus
1110 1233 1277 1307 recitatas
1303 1261 1384 1308 esse

191 1351 229 1422 in
263 1351 417 1423 senatu?
448 1354 482 1446 2)
512 1352 587 1423 lam
613 1351 682 1424 hoc
709 1377 818 1424 unum
856 1353 993 1442 sufficit,
1011 1355 1150 1451 opinor,
1167 1374 1206 1429 ut
1221 1358 1254 1428 in
1269 1357 1383 1432 lucem
1440 1419 1443 1427 .

189 1458 359 1569 prodeat
400 1475 535 1563 vitium,
579 1475 678 1572 quod
725 1476 838 1549 modo
883 1479 1015 1566 notavi,
1060 1495 1097 1552 et
1138 1496 1176 1553 ut
1213 1483 1385 1557 refutetur

171 1589 409 1669 ‘Drumanni
428 1596 560 1694 opinio.
590 1598 666 1671 Sed
692 1599 726 1670 in
752 1598 931 1673 cumulum
961 1602 1058 1676 dabo
1080 1602 1176 1676 aliud
1195 1630 1383 1702 argumen-

190 1737 289 1811 tum,
317 1720 412 1793 haud
439 1721 554 1793 minus
580 1746 694 1817 grave
722 1738 760 1795 et
788 1723 951 1798 solidum.
987 1752 1018 1798 a.
1051 1727 1085 1799 d.
1102 1729 1189 1800 XIV
1207 1729 1288 1802 Kal.
1312 1732 1391 1805 Des

190 1847 367 1919 cembres
415 1850 451 1942 3)
498 1846 641 1949 Caelius
689 1849 831 1920 Romae
873 1845 1018 1946 scripsit·
1053 1851 1100 1922 ad
1144 1853 1381 1927 Ciceronem:

198 1973 326 2044 »Sane
365 1999 472 2068 quam
513 1975 644 2046 litteris
674 1975 713 2045 C.
745 1974 869 2046 Cassii
892 1984 926 2046 et
947 1976 1121 2048 Deiotari
1143 2003 1269 2049 sumus
1296 2005 1382 2052 eom-

191 2098 304 2182 moti,·
331 2123 418 2168 nam
448 2099 486 2170 C.
520 2099 671 2170 Cassius
699 2099 749 2171 eis
775 2098 993 2193 Euphraten
1020 2101 1139 2195 copias
1157 2102 1381 2176 Partleornm

124 2297 126 2300 .
190 2247 272 2293 esse
309 2222 463 2315 scripsit,
507 2224 705 2295 Deiotarus
738 2223 923 2319 prm‘eetas
951 2234 1026 2319 per
1053 2225 1313 2323 Commagenen
1342 2229 1381 2299 in

181 2345 422 2438 prouinciam
449 2347 643 2419 nostram.’'
671 2346 731 2418 De
761 2347 876 2418 Cassii
903 2348 1053 2420 victoria
1078 2374 1123 2422 ne
1142 2351 1292 2423 verbum
1308 2352 1380 2448 qui·

194 2470 286 2542 dem
314 2495 380 2566 per
407 2486 503 2542 totas
528 2469 674 2558 litteras,
702 2496 769 2543 nec
797 2471 935 2558 mirum,
967 2495 1051 2542 nam
1076 2497 1122 2544 eo
1142 2472 1201 2545 die
1221 2474 1380 2546 nondum

194 2610 263 2666 aut
291 2594 474 2666 Ciceronis
501 2592 654 2690 epistola
680 2592 869 2666 tumultum
895 2595 1068 2684 nuntiam,
1086 2611 1148 2667 aut
1163 2596 1277 2669 Cassii
1292 2596 1381 2670 litte-

195 2747 263 2794 rae
290 2721 453 2793 victrices
471 2721 629 2792 Romam
644 2735 746 2790 erant
760 2716 932 2814 perlatae,
950 2718 1049 2816 quod
1062 2717 1257 2792 luculenter
1270 2746 1379 2817 appa·

195 2863 255 2918 ret
267 2917 269 2920 ,
282 2871 330 2918 ex
358 2842 470 2918 Caelii
495 2843 614 2916 verbis
641 2845 664 2937 ᾗ
696 2866 713 2912 2
735 2871 741 2913 :
779 2869 825 2913 »a
838 2853 869 2914 te
887 2843 1023 2933 litterae
1036 2869 1106 2915 nou
1120 2841 1323 2916 venerunt.''
1338 2849 1375 2940 4)

239 3040 263 3086 1)
281 3033 396 3080 Alterum
411 3028 555 3094 exemplum
572 3028 686 3093 proferre
704 3028 767 3075 mihi
786 3026 869 3084 liceat,
890 3027 956 3075 unde
975 3034 1042 3091 patet
1062 3028 1107 3075 has
1125 3026 1219 3076 litteras
1242 3027 1319 3076 solito
1340 3045 1378 3077 ce-

197 3121 275 3168 terius
304 3119 420 3168 Ciceroni
449 3118 475 3166 in
494 3133 597 3165 manum
614 3117 721 3164 veulsse.
759 3115 789 3162 In
808 3114 916 3178 epistola
935 3115 967 3162 ad
987 3114 1101 3163 Caelium
1123 3115 1167 3179 (ad
1190 3117 1260 3164 Fam.
1281 3117 1315 3164 II.
1338 3121 1378 3178 12)

197 3210 259 3257 data
277 3225 329 3259 non
348 3215 406 3256 ante
424 3223 537 3255 mensem
558 3206 659 3254 Iunium
677 3204 737 3252 anni
758 3214 791 3266 50
810 3203 854 3266 (cf.
874 3209 885 3264 §
907 3217 916 3251 1
926 3223 937 3278 ‚²
957 3221 1029 3262 ‚,eum
1048 3213 1076 3252 tu
1096 3205 1155 3253 llaec
1174 3206 1244 3268 leges,
1264 3205 1376 3268 egotam

197 3290 315 3345 animum
340 3275 432 3344 munus
459 3297 622 3362 confecero.''J
641 3293 765 3357 legImus:
786 3292 929 3350 „Sollicitus
946 3292 1057 3356 equidem
1077 3310 1147 3341 eram
1167 3295 1196 3340 de
1216 3295 1287 3341 relus
1303 3295 1379 3342 urla-

197 3386 260 3442 nis;
288 3386 324 3432 ita
343 3385 511 3432 tumultuosae
529 3383 656 3441 contiones,
676 3381 712 3429 ita
732 3382 846 3429 molestae
868 3380 1045 3444 Quinquatrus
1067 3381 1244 3446 afferebantur
1270 3408 1292 3418 -
1316 3398 1376 3430 nam

196 3474 315 3522 citeriora
334 3473 446 3521 nondum
464 3468 653 3520 arediebamus.''
672 3470 842 3535 Quinquatrus
863 3469 1052 3521 celebrabantur
1070 3486 1115 3534 per
1133 3469 1186 3518 dles
1198 3470 1309 3535 quinque
1320 3487 1379 3518 con-

198 3564 285 3611 tinuos
303 3563 336 3611 ab
353 3579 376 3611 a
397 3562 422 3612 d.
442 3561 505 3608 XIV
525 3560 585 3610 Kal.
606 3559 709 3623 Aprilis.

237 3655 263 3714 2)
281 3652 447 3715 Posteaquam
475 3649 538 3697 haec
565 3647 658 3712 scripto
687 3647 873 3704 mandaveram,
897 3646 992 3694 amicus
1014 3662 1055 3694 me
1074 3646 1175 3694 monuit
1194 3647 1378 3697 dissertationis

199 3740 246 3786 viri
273 3739 412 3788 doctIssImi
438 3755 487 3786 van
506 3737 586 3798 Aalst,
609 3753 684 3802 quem
703 3737 813 3785 eundem
832 3736 918 3784 locum
938 3743 1054 3785 tractasse
1073 3743 1097 3784 et
1118 3736 1210 3785 eodem
1227 3745 1377 3802 argumento

199 3828 286 3875 vitium
305 3827 428 3877 detexisse
448 3827 532 3875 vide0.
570 3826 640 3874 Male
659 3826 751 3874 finctum
771 3832 864 3883 autem,
885 3825 954 3889 quod
973 3825 1033 3873 loco
1053 3832 1172 3890 corrupto
1191 3827 1315 3874 medicam
1326 3843 1376 3874 ma-

200 3933 260 3965 num
279 3917 415 3966 admovere
434 3922 539 3964 conatus
555 3921 600 3972 est,
619 3923 643 3962 et
662 3929 708 3977 pro
728 3913 797 3960 Non.
817 3911 873 3960 Oct.
885 3912 968 3976 legere
978 3913 1111 3977 proposuit
1121 3913 1190 3964 Non.
1203 3913 1354 3962 Novembres
1366 3932 1377 3969 ,·

200 4021 290 4070 nempe
319 4020 350 4053 ex
380 4004 487 4068 epistola
515 4003 547 4050 ad
567 4001 681 4049 Caelium
700 4000 786 4060 (VIII.
813 4002 862 4058 ιο),
888 4015 962 4064 quam
981 3999 1045 4048 infra
1064 4008 1152 4049 testem
1173 4001 1319 4064 producam,
1341 4001 1375 4050 lu-

200 4093 256 4142 cide
282 4100 385 4158 apparet
404 4109 427 4142 a.
448 4092 473 4142 (1.
494 4091 556 4138 XIV
576 4089 635 4138 Kal.
656 4088 809 4137 Decembres
828 4103 910 4151 neque
930 4087 1159 4154 Cicerouls‘neque
1183 4091 1261 4138 Cassii
1281 4091 1375 4138 litteras

200 4181 308 4230 Romam
338 4181 488 4246 pervenisse.
526 4179 571 4228 Me
599 4178 683 4227 iudice
707 4177 779 4226 Iocus
798 4177 824 4224 iu
847 4193 935 4225 eorum
955 4194 1086 4226 numerum
1105 4178 1249 4228 referendus
1269 4185 1315 4237 est,
1335 4180 1374 4227 cui

199 4270 268 4318 nulla
285 4270 411 4318 medicina
430 4275 515 4334 parata
535 4275 579 4317 est

237 4366 263 4421 3)
284 4359 322 4406 Cf.
351 4363 362 4419 ς
394 4371 427 4420 3:
458 4374 542 4415 „nune
564 4355 646 4404 exitrcs
665 4365 699 4404 est
718 4355 789 4414 aurei,
810 4371 870 4403 nam
890 4372 932 4418 ego
950 4356 996 4404 has
1015 4356 1113 4404 litteras
1131 4373 1155 4406 a.
1173 4355 1196 4403 d.
1218 4354 1293 4403 XIV.
1313 4355 1373 4405 Kal.

200 4446 344 4494 Decembres
361 4446 458 4512 scripsi.

235 4539 263 4601 4)
282 4537 359 4598 Quod
388 4537 516 4585 Ciceronis
545 4535 654 4600 epistola
671 4543 722 4582 tam
740 4533 940 4582 tarde‘Romam
960 4532 1081 4597 pervenit,
1101 4533 1126 4580 id
1146 4532 1320 4596 imputandum
1340 4549 1375 4580 ar·

201 4622 278 4671 bitror
297 4626 356 4672 anni
377 4626 485 4689 tempori
505 4625 538 4674 ad
558 4624 730 4688 navigandum
751 4624 834 4672 minus
854 4624 957 4672 idonee.

1235 4725 1248 4781 7
