3292 5259
753 337 789 393 ²3

178 498 298 560 autom
325 488 471 584 fiducia
498 487 718 583 cognationis
746 489 841 589 ultro
867 513 904 559 so
928 490 969 560 ι’νι
990 497 1194 584 potestatem
1219 492 1359 565 vOroo'r's

177 612 303 684 trodz't.
342 611 417 683 Soo'
451 611 584 683 Orodes
604 612 695 705 plus
729 610 862 684 loostom
887 637 995 707 quom
1007 613 1176 709 fratrom
1200 617 1358 712 cogri‘ons

179 735 222 806 ι’νι
254 744 433 829 conspectu
468 760 532 806 suo
564 736 750 807 truoo'o'oro'
777 761 857 807 oum
891 737 1000 809 ziosso't
1030 752 1078 809 et
1112 738 1357 833 posthaec

179 855 354 931 bellum
380 885 476 931 cum
504 860 727 933 Romanis
753 860 921 956 gessit,
952 860 1260 960 Crassumque
1288 863 1357 935 im-

179 998 446 1078 peratorem
473 1009 571 1056 cum
600 982 696 1056 lilio
724 984 1136 1057 etomniexercitu
1155 984 1357 1059 delevit.''

235 1107 284 1179 Ut
310 1106 422 1196 vides,
453 1107 595 1181 duobus
620 1106 674 1179 his
699 1104 786 1179 locis
812 1108 972 1202 pessime
998 1108 1258 1181 confunduntur
1282 1110 1357 1183 duo

178 1230 391 1319 Arsacidae,
428 1232 487 1328 qui
523 1228 605 1302 nihil
631 1230 696 1302 nisi
729 1256 861 1303 nomen
890 1256 1080 1304 commune
1106 1231 1253 1320 habent,
1282 1234 1356 1331 qui·

178 1355 319 1453 busque
356 1354 453 1427 haud
487 1355 602 1427 minus
630 1355 777 1450 triginta
801 1379 976 1426 annorum
1004 1353 1227 1428 intervallum
1252 1356 1356 1430 inter-

179 1478 285 1551 cedit.
315 1478 557 1568 Mithridates,
588 1504 661 1577 quo
687 1478 734 1551 de
753 1478 875 1575 agitur
892 1479 1011 1574 priore
1030 1476 1121 1568 loco,
1139 1481 1355 1575 cognomine

178 1602 336 1697 Magnus
364 1598 564 1697 appellatus
591 1601 679 1673 vixit
706 1601 844 1675 circiter
870 1612 1117 1693 annum100'3
1138 1603 1356 1678 hicPartho·

179 1752 257 1799 rum
291 1726 426 1822 primus
460 1726 755 1799 consuetudinem
782 1752 866 1810 ,cum
907 1727 1083 1800 Romanis
1111 1729 1290 1801 contraxit
1317 1744 1356 1802 et

178 1849 321 1946 legatos
350 1849 445 1924 misit
476 1850 525 1923 de
555 1876 647 1946 pace
675 1866 785 1948 atque
817 1851 974 1924 amicitia
1001 1851 1049 1923 ad
1074 1851 1116 1923 L.
1147 1850 1354 1927 Cornelium

179 1973 313 2047 Sullam
348 2000 443 2048 anno
481 1999 528 2065 92
568 1999 635 2070 pro
669 1990 840 2070 praetore
875 1975 910 2045 in
946 1975 1037 2047 Asia
1064 1991 1279 2048 versantem.
1316 1980 1350 2072 ι)

178 2100 371 2196 Superstes
403 2099 520 2173 adhuc
547 2113 626 2171 erat
651 2098 744 2171 circa
772 2124 904 2171 annum
933 2123 993 2189 90.
1030 2103 1065 2194 2)
1098 2099 1205 2192 Quae
1230 2116 1354 2173 autem

178 2223 403 2320 digressione
431 2223 525 2296 sacta
552 2222 600 2295 de
626 2219 722 2294 bello
750 2222 926 2295 Armenio
950 2223 1103 2295 Iustinus
1131 2224 1252 2296 dicere
1274 2250 1353 2321 per-

179 2347 243 2443 git,
272 2346 416 2418 minime
442 2345 489 2419 ad
508 2346 601 2418 hunc
614 2360 789 2440 spectant,
807 2345 873 2417 sed
888 2361 927 2417 ut
941 2346 1128 2418 evidenter
1142 2371 1188 2418 ex
1202 2373 1353 2445 sequen-

179 2471 273 2543 tibus
301 2485 464 2567 apparet,
492 2469 540 2543 ad
556 2450 693 2541 ¹Orodis
713 2469 858 2541 fratrem
873 2484 957 2540 natu
973 2469 1158 2557 maiorem,
1174 2471 1234 2567 qui
1248 2486 1352 2566 patre

179 2594 332 2667 Phraate
357 2594 543 2667 interfecto
570 2593 668 2666 viam
695 2593 761 2665 sibi
790 2592 939 2665 munivit
966 2592 1013 2664 ad
1041 2594 1180 2689 regiam
1200 2595 1352 2691 dignita·

176 2734 251 2792 tem
279 2716 461 2817 aliquanto
489 2734 573 2791 ante
601 2743 732 2791 annum
763 2723 822 2810 56.
857 2720 914 2812 3)'

229 2842 313 2915 Non
340 2842 407 2930 hic,
445 2858 484 2915 ut
518 2843 554 2915 in
589 2839 666 2915 aliis
697 2844 815 2931 rebuS,
853 2866 948 2939 quae
974 2867 1146 2937 perverse
1171 2867 1194 2914 a
1217 2842 1350 2931 Iustino

175 2982 341 3039 narratae
368 2981 459 3054 sunt,
488 2966 652 3062 quaestio
680 2966 800 3053 oritur,
827 2966 922 3046 ,sitne
951 2962 1055 3060 culpa
1068 2966 1185 3060 Trogi
1198 2966 1350 3062 Pompei

176 3086 1350 3184 mmeQfflfflmmmm(mmffln

175 3210 274 3283 tandi
311 3208 429 3283 locum
463 3210 682 3307 praeripiunt
715 3212 829 3283 verba
868 3208 1012 3306 prologi
1045 3211 1093 3283 ad
1131 3210 1208 3285 libr.
1251 3213 1350 3285 XLII

174 3334 291 3431 Trogi
319 3324 494 3430 Primpei:
531 3344 654 3429 »atquo
671 3335 835 3406 Poraoo·
853 3332 971 3429 dege:
997 3335 1252 3433 Artabano)
1274 3364 1349 3410 suc-

172 3460 276 3531 cessit
299 3483 368 3530 rox
392 3457 630 3529 Mitlm'o'otos
657 3458 862 3554 cognomino
878 3459 1056 3554 Magnus,
1078 3461 1144 3555 ραι
1160 3461 1349 3534 Armentis

173 3584 299 3655 bollum
335 3582 466 3655 zirtulzi‘.
506 3582 594 3654 [ndo
625 3583 791 3677 repetitor
824 3582 984 3678 omgz'nos
1020 3583 1283 3657 Armeniorum
1317 3596 1353 3658 ot

173 3706 274 3777 nme
329 3689 1347 3811 Utvamacompmmum1eguminPamhm

179 3870 339 3881 -ι--

145 3913 155 3937 ⁸
213 3928 234 3986 1)
271 3922 696 3986 cs.P1ut.SullaV;mv,Epu.
720 3932 760 3982 70.
787 3948 810 3957 -
836 3921 903 3969 ναι.
925 3921 961 3979 ιι,
983 3933 1024 3982 24,
1045 3920 1347 3987 salsohanclegationem

173 4014 247 4063 refert
263 4013 296 4061 ad
314 4027 408 4061 annum
428 4009 461 4071 83
481 4016 540 4074 post
558 4008 633 4057 finem
651 4008 713 4056 belli
734 4008 904 4057 Mithridatici.

209 4102 238 4162 2)
275 4101 341 4149 Vide
360 4098 540 4148 dissertationis
559 4115 616 4162 pag.
630 4097 669 4145 16.

209 4192 236 4255 3)
273 4190 379 4251 Fallitur
410 4188 462 4235 Dio
497 4187 619 4246 XXXIX,
649 4186 682 4249 56
712 4186 826 4235 Orodem
856 4186 967 4234 Phraatis
997 4200 1167 4234 successorem
1194 4185 1345 4233 nominans:

171 4276 222 4330 τοῦ
239 4270 293 4344 γάρ
313 4270 446 4341 Φραάτου
464 4264 519 4326 άπὸ
538 4273 594 4325 τῶν
612 4273 724 4325 παίδων
743 4268 992 4338 δολοφονηθέντος
1006 4266 1130 4337 Ὀράδης
1152 4266 1204 4336 τήν
1220 4288 1250 4322 τε
1268 4269 1348 4340 βασι-

171 4361 250 4414 λείαν
275 4354 364 4412 αὐτοῦ
395 4354 543 4421 διεδέξατο
570 4354 618 4409 καὶ
644 4351 832 4422 Μιθριδάτην
850 4351 899 4406 τὸν
917 4348 1045 4420 άδελφὸν
1062 4347 1094 4405 ἔτι
1113 4353 1163 4419 τῆς
1179 4352 1296 4420 Μηδίας
1312 4345 1346 4419 ἧς

171 4436 256 4513 ἦρχεν
274 4438 412 4514 ἐξέβαλεν.
431 4445 519 4494 Iustini
535 4444 681 4493 testimonio
702 4442 829 4507 praesidio
850 4449 886 4490 est
904 4440 1046 4505 Appianus‚
1054 4440 1108 4503 Syr.
1118 4450 1131 4501 5
1143 4457 1149 4487 :
1162 4434 1346 4502 Μιθριδάτης

171 4529 222 4599 μὲν
248 4525 262 4583 ὁ
292 4530 472 4597 Παρθυαίαν
498 4524 627 4600 βασιλεὺς
654 4522 875 4594 ἐξελαυνόμενοι·
900 4526 950 4593 τῆς
977 4520 1065 4593 ἀρχῆς
1087 4519 1135 4575 ὑπ’
1151 4519 1276 4589 Ὀράδου
1294 4524 1345 4574 τοῦ

173 4610 299 4682 ἀδελφοῦ
318 4614 436 4683 μετῆγεν
453 4617 516 4678 (scil.
533 4609 584 4667 τὸν
604 4612 750 4683 Γαβίνιον)
769 4604 799 4674 ἐξ
814 4605 934 4679 Ἀράβων
955 4603 1002 4660 ἐπὶ
1021 4608 1217 4673 Παρθυαίους.
