3292 5259
885 270 923 326 66

317 449 452 521 notam,
491 460 585 530 quae
619 433 713 508 nulla
736 435 878 521 ¹idonea
911 462 1021 511 causa
1053 438 1176 511 nititur
1203 454 1240 511 et
1259 439 1395 511 ceteris
1418 464 1485 510 car·
1591 491 1592 494 ,

316 558 419 630 minis
446 560 607 655 partibus
633 577 760 657 aperte
788 577 977 658 repugnat.

369 682 452 755 Non
480 682 583 757 aliter
609 685 838 758 sentiendum
866 702 922 759 est
949 686 995 760 de
1026 688 1181 760 carmine
1205 688 1383 786 vigesimo
1397 713 1487 758 nono
1591 719 1592 794 }

315 803 394 879 libri
422 808 526 895 tertii,
557 809 656 906 quod
684 835 707 882 a
733 810 817 883 viris
845 811 962 884 doctis
986 812 1359 908 eodemargumento
1374 812 1487 884 eidem

292 959 411 1006 ‚anno
437 932 657 1031 adscriptum
685 952 750 1009 est.
808 937 962 1034 Legitur
989 938 1085 1012 enim
1111 963 1182 1010 vss,
1218 961 1235 1008 2
1243 958 1371 1029 5-29
1392 966 1417 1007 :-
1591 933 1592 940 '

561 1060 598 1130 T
593 1087 627 1146 n,
656 1063 832 1134 enodatam
857 1065 937 1159 quis
963 1064 1079 1135 deceat
1101 1071 1218 1134 status

558 1185 679 1257 Cures
705 1196 740 1257 et
764 1187 851 1259 nrbe'
873 1188 1046 1259 sollicitus
1073 1187 1184 1270 lennes,

558 1309 662 1396 Quid
681 1310 785 1383 Seres
808 1322 843 1384 et
864 1321 1016 1408 regnata
1045 1311 1140 1406 Cyro
1201 1343 1210 1374 ι

555 1435 693 1505 Badra
712 1444 852 1530 parent
880 1435 1081 1532 Tanaisque
1105 1434 1250 1507 discors.
1341 1529 1345 1536 .

368 1556 471 1629 Haec
498 1581 644 1655 quoque
669 1559 782 1642 verba
800 1559 980 1653 pertinent
1003 1583 1074 1630 non
1089 1557 1136 1630 ad
1152 1554 1332 1654 singulare
1348 1553 1489 1653 aliquod

219 1769 229 1782 ,
316 1706 451 1768 munuS,
496 1681 562 1770 sed
601 1681 648 1754 ad
690 1680 813 1754 solitas
855 1680 1073 1779 reipublicae
1101 1706 1214 1768 curaS,
1245 1677 1371 1778 quales
1398 1677 1488 1751 illum

316 1805 483 1877 habuisse
507 1830 574 1901 par
601 1821 666 1894 est,
699 1807 759 1903 qui
786 1806 834 1878 ab
863 1806 1034 1900 Augusto
1063 1805 1223 1904 quotidie
1251 1805 1285 1876 in
1309 1802 1489 1877 consilium
1591 1871 1592 1900 ἶ

315 1928 554 2001 adhiberetur.
610 1930 758 2002 Certam
786 1945 979 2025 praeterea
1006 1956 1157 2003 causam
1186 1929 1270 2002 mihi
1292 1930 1424 2002 adesse
1442 1953 1490 2000 ar·

315 2053 438 2139 bitror,
482 2079 555 2150 qua
595 2079 740 2148 negem,
780 2054 849 2126 hoc
877 2079 1021 2127 carmen
1058 2054 1213 2128 incidere
1240 2055 1274 2125 in
1300 2053 1490 2126 secundam

317 2176 539 2248 Maecenatis
575 2178 849 2273 praefecturam.
894 2178 1201 2278 Quandoquidem
1240 2179 1336 2251 enim
1369 2203 1487 2252 mense

316 2297 404 2372 lulio
436 2303 469 2396 1)
495 2325 639 2375 carmen
667 2303 907 2399 compositum
927 2328 1008 2375 esse
1028 2319 1178 2392 constat,
1201 2301 1333 2374 nullum
1352 2301 1488 2375 invenio

317 2424 420 2497 huius
466 2426 713 2521 praefecturae
755 2452 898 2514 annum,
942 2427 976 2497 in
1013 2452 1122 2524 quem
1151 2421 1345 2500 commode
1374 2425 1488 2500 referri

320 2550 469 2645 possit‘
503 2548 599 2620 Anni
644 2573 686 2641 31
721 2565 759 2621 et
789 2573 839 2641 30
863 2548 970 2646 plane
999 2550 1203 2623 abhorrent.
1258 2550 1356 2622 Tum
1386 2549 1488 2646 longe
1591 2521 1592 2592 l

316 2671 408 2746 aliae
436 2699 547 2746 curae
574 2674 796 2747 Maecenatis
826 2675 983 2747 animum
1002 2673 1193 2748 sollicitum
1212 2675 1408 2764 habebant,
1429 2697 1489 2745 nec
1591 2671 1592 2686 ¹

315 2814 427 2895 poeta
454 2813 636 2871 extremas
663 2815 901 2871 memorasset
929 2798 1086 2872 Orientis
1119 2815 1259 2895 gentes
1289 2800 1356 2872 sed
1372 2800 1489 2872 turbas

316 2921 437 2995 civiles
466 2939 503 2996 et
529 2922 662 2997 bdlum
690 2923 928 3020 Aegyptium.
959 2924 1090 2996 Restat
1115 2923 1223 3021 igitur
1244 2925 1376 2996 mensis
1392 2922 1489 2996 lulius

317 3049 398 3120 anni
417 3073 475 3138 29,
493 3049 549 3121 cui
560 3048 692 3121 Sch'utz
705 3046 835 3146 aliique
844 3048 935 3121 hanc
946 3047 1041 3121 oden
1055 3049 1252 3146 assignant.
1275 3048 1358 3121 Hoc
1373 3063 1487 3121 autem

317 3186 460 3267 tempus
488 3173 535 3245 ab
561 3189 778 3267 argumento
798 3173 909 3245 nostri
938 3172 1103 3245 carminis
1122 3197 1193 3244 non
1212 3173 1327 3245 minus
1342 3171 1490 3246 alienum

236 3341 238 3345 -
318 3311 384 3368 est.
443 3295 598 3369 Aestate
626 3295 849 3369 Octavianus
877 3323 925 3369 ex
953 3296 1044 3369 Asia
1071 3297 1235 3370 decessit.
1268 3297 1321 3369 Cf.
1344 3294 1488 3398 Dio'Ll,

321 3445 406 3492 21.:
436 3441 498 3494 τοῦ
517 3437 555 3495 δὲ
573 3437 614 3509 δὴ
631 3436 759 3510 θέρους
776 3433 810 3508 ἔς
828 3457 865 3494 τε
883 3440 944 3510 τὴν
960 3437 1104 3495 Ἐλλάδα
1121 3443 1178 3494 καὶ
1195 3435 1229 3510 ἐς
1246 3431 1489 3511 τὴνἸτᾳλιάνὸ
1591 3409 1592 3434 ³

317 3568 450 3636 Καῖσαρ
469 3559 672 3635 ἐπεραιώθη.
702 3543 831 3614 Mense
859 3539 986 3633 Sextili
1009 3543 1177 3616 continuo
1191 3543 1309 3616 triduo
1328 3559 1401 3617 tres
1420 3541 1491 3639 egit
1591 3557 1592 3576 ¹

316 3670 516 3767 triumphos
530 3668 679 3743 curules.
707 3668 760 3740 Cf.
779 3665 1137 3742 Senatusconsultum
1151 3668 1248 3763 apud
1256 3669 1487 3750 Macrobium,
1591 3715 1592 3732 r

317 3796 394 3869 Sat.
439 3795 463 3883 Ι,
515 3819 577 3881 12,
629 3817 648 3885 3
656 3814 710 3885 5.:
752 3793 843 3863 Cum
889 3792 1085 3887 raeparator
1128 3793 1266 3864 Caesar
1303 3792 1490 3888 Angustus
1591 3815 1592 3878 3

317 3945 433 3993 mense
448 3919 584 3991 Sexn'lz'
593 3918 797 4013 etprz'rnnrn
811 3917 1034 3987 consulatum
1049 3915 1176 3986 snserit
1185 3925 1219 3987 et
1240 3915 1298 3986 tri
1309 3940 1331 3985 u
1342 3916 1489 4010 mphos

316 4061 413 4117 tres
443 4043 486 4113 in
513 4042 668 4114 urbem
696 4037 913 4111 intulerit
925 4097 1017 4111 .....
1039 4041 1184 4134 plaeere
1201 4039 1360 4128 Senatui,
1382 4050 1425 4113 nt
1438 4037 1492 4111 ln'c

317 4188 502 4197 ———

357 4246 380 4303 1)
399 4242 436 4291 Cf.
457 4259 542 4291 versus
567 4252 686 4302 17—2o:
1069 4293 1070 4296 Ἴ

621 4331 678 4377 Ione
698 4331 783 4377 clarus
801 4328 922 4376 occnltnrn
942 4327 1115 4376 Andromedae
1126 4338 1205 4394 poter
1290 4351 1295 4368 ·

625 4417 738 4466 Ostendit
753 4418 844 4480 egenum,
862 4417 914 4464 z'orn
933 4417 1046 4479 Procyon
1057 4418 1134 4482 furit

622 4507 659 4554 Et
677 4507 747 4554 stello
766 4505 853 4554 vesani
871 4505 960 4553 Leonis

624 4596 679 4644 Sole
698 4595 748 4642 dies
768 4597 893 4660 referente
910 4594 989 4646 siccos.
