3292 5259
748 312 783 366 73

180 458 389 556 respublica.
448 463 660 536 Factionum
701 464 820 536 studia
848 464 992 536 maioris
1017 464 1120 560 pretii
1146 488 1227 536 esse
1256 464 1351 536 vide·

180 587 307 658 bantur
348 613 457 686 quam
493 588 630 685 imperii
672 588 859 684 integritas
892 604 929 662 et
964 586 1197 695 incolumitas.
1256 587 1350 660 Nihil

178 712 427 806 perturbatius,
467 710 550 785 nihil
589 714 788 809 corruptius
816 713 903 810 fingi
931 728 1063 810 potest,
1094 738 1203 810 quam
1236 714 1348 809 reipu-

177 832 290 908 blicae
332 837 500 923 rationes,
542 834 667 935 quales
708 831 804 910 anno
849 857 895 928 53
940 836 1083 910 Romae
1115 837 1345 910 inveniuntur.

176 959 426 1032 Ambitionum
457 961 734 1058 intemperantia
762 986 809 1033 eo
835 961 907 1033 iam
932 976 1169 1056 processerat,
1210 977 1248 1033 ut
1277 987 1348 1034 ma-

175 1084 347 1180 gistratus
374 1110 502 1157 omnes
530 1084 730 1158 immodicis
758 1082 1018 1182 largitionibus
1029 1085 1127 1182 ,quin
1147 1083 1257 1157 etiam
1273 1083 1347 1182 gla-

174 1207 240 1278 diis
281 1224 319 1280 et
354 1205 532 1303 lapidibus
567 1224 784 1305 peterentur.
843 1207 941 1280 Audi
975 1207 1100 1281 modo
1123 1206 1349 1282 Plutarchum

174 1333 207 1404 in
231 1333 308 1405 vita
335 1335 512 1422 Caesaris,
542 1360 620 1432 cap.
653 1340 698 1409 28
719 1365 725 1408 :
753 1350 788 1408 ot
804 1351 869 1421 μὲν
886 1347 994 1424 ἀρχὰς
1010 1349 1183 1421 μετιόντες
1200 1347 1238 1408 ἐν
1254 1351 1348 1424 μέσῳ

172 1469 316 1539 θέμενοι
343 1471 507 1544 τραπέζας
532 1469 690 1544 ἐδέκαζον
715 1471 947 1544 ἀναισχύντως
965 1472 1006 1528 τά
1024 1471 1153 1543 πλήθη,
1178 1471 1293 1544 κατῄει
1311 1473 1347 1528 δέ

172 1591 191 1652 ό
209 1598 316 1668 δῆμος
334 1591 504 1667 ἔμμισθος
522 1594 564 1654 οὐ
581 1597 708 1670 ψήφοις
725 1595 809 1672 ὑπὲρ
827 1602 889 1655 τοῦ
907 1582 1219 1668 όεάιοκότος,”ἀλλά
1238 1598 1349 1669 τόξοις

171 1730 227 1782 καὶ
253 1725 365 1797 ξίφεσι
390 1730 448 1782 καὶ
465 1725 665 1798 σφενδόναις
682 1721 929 1795 ἁμιλλώμενος.
948 1723 1072 1793 Αἴματι
1089 1723 1126 1780 δέ
1144 1725 1201 1780 καὶ
1218 1731 1349 1796 νεκροῖς

170 1851 338 1935 πολλάκις,
358 1850 574 1922 αἰσχύνοντες
598 1852 638 1908 τό
661 1854 752 1922 βῆμα
763 1853 991 1948 ἀιεκρὶθησαν
1008 1845 1154 1922 ἀναρχίᾳ
1172 1849 1232 1920 τὴν
1248 1849 1348 1904 πόλιν

148 1975 282 2050 ’ὥσπερ
316 1973 543 2051 ἀκυβέρνητον
567 1974 826 2051 ὑποφερομένην
851 1974 1083 2046 ἀπολιπόντες.
1118 1960 1150 2054 Ι)
1189 1957 1345 2030 Comitia

169 2083 369 2157 consularia
409 2087 573 2183 quamvis
588 2094 593 2104 '
611 2087 683 2158 iam
717 2113 740 2160 a
774 2113 898 2161 mense
934 2084 1102 2181 Quinctili
1130 2082 1212 2156 anni
1239 2107 1341 2178 supe-

170 2209 271 2280 rioris
299 2209 432 2297 habita,
463 2208 527 2281 diu‘
551 2210 783 2284 trahebantur
810 2237 878 2284 nec
904 2210 1026 2308 perlici
1052 2223 1230 2306 poterant,
1262 2231 1343 2278 cum

170 2349 319 2430 propter
345 2333 506 2429 perditas
534 2334 813 2428 candidatorum·
835 2337 1093 2422 contentiones
1137 2348 1214 2405 tum
1243 2329 1340 2427 quod

172 2459 303 2531 tribuni
338 2457 464 2555 plebis,
504 2460 564 2557 qui
602 2485 678 2532 rem
711 2458 890 2557 publicam
924 2457 1136 2544 tractabant,
1168 2453 1264 2528 omni
1293 2477 1345 2524 ra-

172 2583 287 2671 tione,
324 2609 370 2657 ne
402 2584 636 2680 magistratus
674 2601 890 2673 crearentur,-
929 2581 1194 2680 impediebant,
1233 2577 1346 2650 etita

172 2709 303 2796 evenit,
333 2725 372 2782 ut
397 2707 561 2782 consules
588 2735 660 2781 non
687 2710 810 2782 statim
838 2709 947 2797 initio,
978 2723 1017 2780 ut
1044 2705 1154 2780 moris
1173 2719 1261 2791 erat,
1279 2701 1345 2774 sed

172 2834 329 2929 septimo
354 2833 501 2906 demum
527 2859 651 2906 mense
677 2859 803 2906 munus
832 2833 1004 2929 auspicati
1023 2832 1101 2904 sint.
1134 2827 1246 2922 Quod
1270 2824 1345 2898 reli-

174 2982 284 3054 quum
311 2974 390 3031 erat
408 2959 500 3045 anni,
531 2958 633 3032 novis
665 2957 816 3031 comitiis
837 2958 1038 3054 impensum
1070 2969 1135 3040 est,
1167 2951 1234 3023 sed
1263 2965 1345 3022 tunc

174 3107 321 3180 quoque
348 3082 495 3155 armatis
523 3081 719 3155 identidem
745 3081 912 3153 immissis
934 3079 1079 3151 comitia
1097 3075 1343 3170 turbabantur,

175 3205 374 3305 iterumque
413 3207 545 3280 sactum
584 3221 650 3293 est,
690 3221 729 3277 ut
766 3230 880 3278 novus
915 3229 1029 3277 annus
1057 3199 1170 3275 nullos
1196 3199 1348 3272 baberet

175 3333 416 3428 magistratus.
473 3331 571 3403 Tum
607 3355 732 3403 mense
771 3330 936 3402 Ianuario
977 3315 1106 3403 Clodio
1148 3324 1277 3410 occis0,
1310 3339 1348 3393 ut

176 3458 301 3531 turbae
337 3457 615 3554 seditionesque,
646 3480 740 3553 quae
767 3453 859 3527 hanc
896 3451 1047 3526 caedem
1080 3464 1226 3522 secutae
1254 3461 1345 3532 sunt,

175 3582 395 3671 sedarentur,
434 3577 744 3654 senatusconsulto
783 3579 818 3650 in
853 3575 967 3651 Bibuli
1004 3574 1219 3680 sententiam
1254 3571 1348 3644 lacto

176 3707 368 3804 Pompeius
401 3701 522 3778 consul
551 3719 692 3778 creatus
720 3718 777 3778 est
801 3703 878 3774 sine
907 3695 1047 3796 collega
1071 3698 1106 3769 V
1134 3695 1215 3770 Kal.
1239 3697 1345 3768 Mart.

176 3856 300 3904 mense
327 3828 561 3904 intercalario.

229 3955 473 4051 Temporibus
510 3969 584 4026 tarn
613 3951 784 4039 turbidis,
812 3966 888 4023 tam
913 3944 1137 4020 tumultuosis
1164 3944 1349 4048 negotium

179 4080 380 4153 Parthicum
404 4105 449 4152 ne
475 4079 625 4174 dignum
653 4076 800 4176 quidem
827 4074 1028 4166 videbatur,
1069 4069 1215 4168 quode
1244 4067 1348 4139 reser-

152 4215 274 4275 retur
301 4205 348 4276 ad
376 4219 551 4291 senatum,
583 4227 701 4299 neque
728 4225 794 4297 per
821 4197 983 4294 Pompeii
1006 4193 1228 4269 consulatum
1250 4191 1349 4288 quid-

181 4353 288 4424 quam
313 4328 501 4426 agebatur,
532 4342 571 4399 ut
602 4322 770 4422 pericula,
809 4347 903 4422 quae
938 4320 985 4392 ab
1011 4318 1161 4390 Oriente
1185 4315 1341 4387 immine-

190 4510 335 4518 -ῃ

220 4622 297 4685 1)'Cf.
318 4628 393 4676 etiarn
412 4629 480 4692 App.
500 4626 529 4678 Β.
547 4625 575 4673 C·
596 4625 632 4681 Π»
654 4635 693 4684 19·
