3292 5259
805 342 860 397 106

246 505 388 580 auxilio.
406 507 489 580 Hoc
503 508 698 604 imperator
711 525 835 581 noster
850 506 1002 581 moleste
1017 534 1057 580 se
1068 509 1159 580 serre
1167 505 1367 580 simulabat.
1386 523 1419 602 ι)

247 631 483 704 Accedebant
521 630 613 704 aliae
649 633 906 728 querimoniae,
942 631 1040 728 quod
1068 629 1212 704 Bibulus
1238 631 1274 702 in
1299 629 1425 704 litteris

247 757 295 828 ad
321 772 496 844 senatum,
527 755 700 852 quidquid
719 757 899 828 bonicum
916 755 1091 827 Cicerone
1106 771 1203 826 essct
1218 777 1422 840 commune,

246 882 313 953 sibi
341 879 407 954 soli
435 881 665 965 attribuisset,
687 881 860 977 quidquid
885 877 968 964 mali
987 905 1091 951 suum
1109 895 1208 952 esset
1226 879 1420 975 proprium,

247 1006 283 1076 id
308 1031 389 1077 cum
414 1003 474 1078 illo
502 1004 811 1079 communicasset,
854 1004 911 1076 Ne
944 1001 1074 1076 multa:
1094 1003 1145 1075 sic
1160 1003 1289 1076 Cicero
1303 1003 1424 1074 animo

247 1147 325 1202 erat
352 1129 512 1217 affectus,
541 1147 580 1201 ut
606 1129 703 1202 haud
731 1128 885 1202 alienum
914 1129 999 1200 mihi
1024 1129 1189 1200 videatur
1221 1154 1304 1200 eum
1337 1127 1425 1200 odio

247 1273 284 1329 et
312 1257 364 1328 ira
391 1255 587 1328 adductum
615 1255 707 1326 iusto
727 1253 878 1349 iniquius
903 1253 949 1324 de
964 1250 1092 1324 Bibulo
1105 1250 1228 1324 tulisse
1243 1250 1420 1350 iudicium.

246 1380 358 1474 Quod
386 1395 425 1452 ut
452 1379 608 1466 credam,
638 1376 772 1450 facilius
797 1378 915 1449 adhuc
930 1402 1081 1449 moveor
1101 1376 1250 1449 decreto
1264 1391 1433 1482 senatuS,

246 1504 306 1600 qui
334 1503 381 1575 de
408 1501 520 1575 Bibuli
549 1502 657 1576 rebus
683 1502 797 1598 gestis
826 1502 955 1575 certior
979 1501 1092 1574 lactus
1113 1499 1370 1597 amplissimam
1389 1502 1423 1573 ei

246 1628 405 1700 attribuit
430 1624 727 1723 supplicationem
753 1627 880 1722 viginti
906 1626 1064 1715 dierum,
1090 1629 1124 1722 2)
1148 1626 1312 1722 quamvis
1327 1625 1423 1698 enim

246 1751 430 1824 Ciceronis
468 1749 674 1847 exemplum
715 1751 904 1847 perspicue
945 1750 1086 1838 doceat,
1131 1767 1213 1823 tunc
1249 1751 1424 1847 temporis

246 1872 523 1969 gratulationem
557 1876 714 1949 caruisse
741 1875 891 1972 pristino
919 1876 1036 1971 pretio
1064 1892 1101 1948 et
1126 1875 1314 1972 dignitate,
1345 1901 1423 1948 sae·

244 2025 363 2096 peque
388 2026 471 2073 eam
499 2000 582 2072 viris
610 1999 763 2097 indignis
778 1999 984 2096 contigisse,
1002 1999 1038 2070 id
1058 2014 1156 2072 certe
1179 1999 1423 2095 unusquisque

246 2124 329 2195 mihi
366 2124 551 2212 concedet,
589 2124 688 2221 quod
716 2143 779 2197 res·
801 2125 880 2221 ipsa
908 2122 1049 2212 clamat,
1080 2148 1229 2196 necesse
1261 2149 1352 2208 esse,
1383 2139 1423 2195 ut

245 2245 377 2344 aliquid
402 2246 530 2321 saltem
549 2274 571 2321 a
589 2247 716 2321 Bibulo
735 2250 829 2322 bene
843 2264 987 2345 gestum
1002 2249 1057 2335 sit,
1075 2274 1193 2345 neque
1207 2248 1283 2320 lieri
1297 2273 1419 2344 posse,

244 2388 282 2443 ut
309 2371 418 2444 talem
445 2373 603 2469 prodens
631 2374 811 2470 ignaviam
840 2388 878 2446 et
902 2372 1089 2461 desidiam,
1118 2371 1261 2470 qualem
1293 2372 1422 2446 Cicero

246 2497 277 2567 ei
306 2497 467 2592 imputet,
494 2497 670 2570 honorem
692 2497 938 2571 huiuscemodi
963 2514 1175 2570 consecutus
1199 2498 1255 2570 sit.
1289 2501 1325 2592 3)

299 2621 484 2717 Quidquid
513 2637 634 2694 autem
658 2622 809 2710 Parthis,
839 2623 966 2694 curtab
981 2620 1174 2694 Antiochia
1191 2621 1414 2706 recederent,

284 2872 309 2943 1)
328 2874 366 2925 Cf.
396 2874 429 2922 ad
449 2851 518 2922 liam.
539 2872 576 2924 ΙΙ.
600 2885 638 2922 12.
660 2872 753 2920 lntimo
775 2879 878 2936 pectore
897 2872 966 2920 alind
985 2889 1042 2922 eum
1061 2873 1167 2922 sensisse
1185 2879 1296 2938 apparet
1308 2890 1338 2922 ex
1355 2874 1421 2944 epis·

245 2963 298 3014 tola
327 2963 359 3012 ad
385 2965 435 3011 att.
463 2961 512 3016 VI.
543 2972 566 3025 5.
594 2975 626 3024 3:
655 2963 721 3020 ,aed
741 2978 789 3025 quo
816 2979 858 3025 ego
887 2962 997 3010 rrtoxime
1014 2963 1161 3022 delectabar,
1181 2963 1289 3010 Bibulus
1306 2963 1420 3010 molestus

245 3051 309 3100 ntilri
334 3068 384 3100 noa
411 3060 476 3109 erat,
505 3050 534 3098 de
561 3049 673 3098 orrtnibus
700 3050 772 3098 rebus
796 3051 916 3098 scribebat
941 3053 979 3099 ad
994 3051 1138 3114 enepotius,
1157 3060 1181 3099 et
1199 3051 1263 3099 inibi
1280 3050 1421 3099 decessionis

246 3141 298 3189 dies
315 3134 474 3205 λεληθότως
491 3138 621 3203 obrepebat

283 3240 310 3284 2)
334 3227 451 3278 Ciceroni
471 3235 497 3275 ut
515 3226 548 3275 ad
564 3242 636 3275 aures
652 3227 773 3291 pervenit,
794 3227 887 3276 Bibulo
905 3228 1055 3291 ampliorem
1074 3243 1149 3292 quam
1168 3228 1215 3277 sibi
1226 3228 1419 3277 honorerncon·

245 3317 339 3380 tigisse,
366 3332 472 3380 eumque
499 3317 539 3364 vel
569 3316 603 3363 de
628 3316 756 3380 triumpho
775 3317 862 3376 adniti,
882 3317 1041 3366 excandescit
1060 3318 1103 3365 ira.
1124 3317 1161 3368 Cl.
1181 3318 1221 3368 ad.
1241 3319 1293 3368 Art.
1312 3310 1371 3368 VI'I.
1394 3330 1418 3365 2.

248 3417 279 3466 7:
299 3405 379 3463 „Cato
402 3405 429 3452 in
448 3420 486 3451 me
502 3404 612 3467 turpiter
623 3405 684 3469 fuit
699 3405 852 3453 ntaleaolus:
870 3405 938 3453 dedit
955 3405 1113 3468 integritatis,
1133 3406 1250 3465 iustitiae,
1269 3407 1421 3465 clementiae,

238 3494 306 3558 fidei
328 3493 392 3541 milti
417 3491 592 3550 testimonium,
611 3493 679 3555 quod
694 3508 744 3540 sion
762 3493 934 3555 quaerebant;
954 3495 1022 3557 quod
1030 3495 1207 3558 postulabam,
1230 3496 1331 3559 negavit
1340 3533 1419 3548 .....

246 3583 281 3629 .›lt
306 3582 345 3629 lic
372 3580 436 3628 idem
454 3579 547 3628 Bibulo
566 3580 665 3628 dierum
684 3580 777 3643 viginti
784 3599 796 3636 ,·
814 3580 907 3644 ignosce
926 3583 1006 3631 milri:
1024 3601 1075 3633 raon
1088 3592 1191 3648 possum
1210 3585 1269 3632 baec
1280 3587 1358 3650 ferre
1377 3602 1420 3632 nec

239 3666 355 3734 ferani,''
393 3668 423 3716 Id
441 3669 586 3733 indignatus
605 3669 694 3718 Cicero
712 3685 740 3718 se
758 3686 860 3734 quoque
879 3671 911 3719 ad
931 3672 1084 3736 triumphum
1103 3675 1239 3738 petendum
1259 3684 1355 3723 motum
1366 3690 1422 3722 esse

246 3758 363 3815 declarat,
382 3772 414 3805 ne
433 3757 526 3806 Bibulo
545 3757 649 3805 inferior
666 3758 797 3808 videretur.
836 3759 890 3807 Nec
909 3759 1013 3808 dubium
1033 3769 1078 3820 est,
1097 3763 1158 3825 quin
1176 3763 1275 3811 honore
1293 3772 1358 3811 esset
1375 3779 1420 3827 po-

245 3848 312 3904 titus,
334 3845 382 3894 nisi
401 3845 542 3894 turbulenta
560 3845 713 3910 reipublicae
738 3855 851 3911 tempora
872 3848 1073 3900 intercessissent.
1094 3849 1131 3900 Cf.
1151 3851 1184 3899 ad
1203 3853 1255 3902 Att.
1275 3852 1320 3900 Vl.
1341 3851 1366 3903 6.
1384 3866 1419 3911 43

247 3935 499 3997 81539·2;V¹¹
524 3944 589 3997 ¹25·
611 3946 731 3997 7·9;2‚
753 3945 778 3996 5·
1152 3995 1154 4001 .

282 4020 310 4091 3)
330 4023 417 4086 Lange
441 4022 590 4086 (Rbmische
608 4022 805 4080 Altherthttmer,
826 4023 876 4071 111.
896 4023 956 4086 396)
976 4025 1070 4074 idcirco
1090 4027 1300 4091 supplicationem
1320 4043 1421 4077 conces-

247 4128 299 4161 sam
328 4127 383 4160 esse
401 4119 479 4176 putat,
498 4110 568 4176 quod
584 4109 663 4159 Cassii
682 4110 787 4159 victoria
807 4111 891 4159 Bibuli
910 4113 1026 4177 auspiciis
1046 4124 1111 4164 esset
1127 4123 1260 4181 reportata.
1298 4117 1344 4166 Cui
1365 4118 1420 4181 opi-

247 4201 319 4248 nioni
348 4200 493 4249 adversatur
521 4199 593 4247 locus
613 4200 636 4246 in
657 4199 786 4248 Ciceronis
805 4201 914 4264 epistola
932 4201 965 4250 ad
986 4205 1038 4251 Art.
1060 4205 1120 4256 Vll.
1141 4218 1164 4257 2.
1184 4206 1226 4256 6‚:
1246 4223 1278 4264 „a
1300 4207 1419 4271 quasi

247 4305 282 4338 ea
298 4297 404 4352 gesta
424 4298 570 4346 essent,
590 4303 680 4352 quae
699 4289 1029 4354 scripsit‚gauderem
1048 4301 1072 4340 et
1088 4294 1326 4360 horrorifaverem.”
1346 4294 1422 4344 Unde

246 4379 298 4427 iure
316 4377 437 4441 colligere
455 4378 517 4426 mihi
536 4377 633 4436 videor,
651 4393 708 4426 eum
727 4379 939 4443 supplicationem
959 4389 983 4429 et
1003 4381 1155 4446 triumphum
1168 4384 1309 4447 postulasse
1318 4391 1422 4448 propter

246 4481 291 4524 ree,
313 4481 374 4530 quas
395 4466 449 4530 ipse
467 4465 537 4514 bello
557 4467 669 4529 gesserit,
707 4468 862 4532 Ceteroquin
883 4485 934 4518 non
954 4471 1098 4533 negandum
1117 4487 1218 4532 censeo,
1237 4473 1296 4521 ideo
1315 4473 1422 4521 sortasse

246 4563 359 4604 senatum
389 4555 475 4603 favore
494 4554 639 4619 proniorem
660 4555 736 4604 tuisse
757 4557 782 4605 in
801 4555 930 4617 Bibulum,
950 4565 976 4606 ut
996 4559 1087 4607 Caesar
1106 4559 1199 4608 inimici
1221 4562 1319 4610 honore
1345 4559 1422 4610 offen·

246 4643 352 4692 deretur.
