3292 5259
862 281 899 338 60

342 453 381 525 Si
422 453 530 550 igitur
568 452 660 525 hunc
701 477 845 524 versum
874 451 1014 524 Horatii
1043 454 1163 526 manui
1191 453 1384 544 debemus,
1420 482 1482 529 res

289 576 470 650 Parthicas
510 602 639 673 parum
666 574 762 648 illum
790 574 955 672 cognitas
981 575 1158 664 habuisse,
1190 576 1337 674 eiusque
1376 581 1482 652 testi-

287 700 574 774 monia'nonnisi
602 715 707 773 caute
731 715 769 772 et
784 699 1042 796 circumspecte
1058 700 1264 774 adhibenda
1278 728 1376 789 esse,
1400 704 1482 776 iure

287 842 446 899 statuere
473 824 564 898 licet.

341 952 423 1022 Huc
451 949 590 1022 accedit
617 949 687 1022 alia
713 948 911 1038 difficultas
942 976 1036 1048 quae
1064 951 1111 1024 de
1139 953 1335 1026 carminum
1349 957 1483 1051 pretio

288 1077 457 1149 historico
483 1066 632 1147 multum
657 1074 827 1170 derogari
854 1073 961 1147 iubet.
992 1075 1102 1147 Haud
1125 1101 1207 1149 raro
1227 1078 1322 1150 enim
1337 1082 1483 1153 aetatis

289 1200 417 1274 indicia
458 1215 519 1272 aut
545 1222 694 1296 prorsus
719 1198 859 1280 desunt,
889 1214 951 1271 aut
975 1199 1024 1272 ita
1051 1217 1133 1273 sunt
1160 1201 1270 1275 dubia
1297 1218 1335 1275 et
1356 1205 1480 1294 fluxa,

288 1343 336 1414 ut,
365 1326 482 1422 siquid
511 1323 616 1411 aliud,
647 1323 797 1396 arduum
822 1324 878 1412 sit,
909 1340 1044 1396 certum
1070 1323 1216 1421 aiiquod
1243 1342 1390 1424 tempus
1408 1331 1482 1401 sin-

288 1448 380 1544 gulis
408 1449 622 1521 carminibus
651 1447 818 1536 definire,
849 1446 919 1521 noli
948 1449 1055 1545 igitur
1083 1449 1212 1539 mirari,
1235 1452 1334 1548 quod
1353 1453 1481 1526 diver-

288 1573 428 1645 sissima
469 1597 635 1669 quaeque
674 1571 721 1643 de
754 1597 826 1644 uno
854 1571 1058 1669 eodemque
1083 1575 1240 1648 carmine
1266 1601 1289 1648 a
1318 1575 1481 1674 singulis

288 1696 538 1792 interpretibus
563 1694 706 1792 prolata
734 1711 825 1768 sunt.

318 1822 401 1894 -De
449 1847 583 1918 magno
623 1846 772 1893 numero
815 1821 978 1909 odarum,
1023 1823 1151 1920 quibus
1194 1848 1251 1896 res
1279 1825 1479 1899 Parthicae

289 1963 626 2032 commemorantur,
670 1946 700 2017 si
742 1946 852 2017 missa
877 1945 1024 2017 facimus
1051 1946 1181 2035 omnia,
1212 1972 1306 2043 quae
1334 1948 1477 2022 nullum

289 2087 426 2144 certum
454 2072 586 2143 factum
611 2069 811 2165 respiciant,
842 2065 900 2139 vel
926 2068 962 2138 in
980 2067 1111 2140 nullum
1126 2084 1268 2166 tempus
1283 2070 1477 2145 definitum

266 2196 430 2282 cadant,
478 2209 668 2290 supersunt
713 2218 905 2289 perpauca,
950 2218 1044 2289 quae
1081 2193 1115 2265 in
1148 2194 1315 2267 iudicium
1345 2199 1476 2271 vocari

289 2334 450 2415 possunt,
480 2318 546 2392 sed
572 2343 617 2392 ea
645 2317 789 2389 mirifice
817 2317 1028 2390 confirmant
1051 2343 1168 2389 rerum
1188 2317 1352 2392 ordinem
1373 2346 1475 2395 ame

291 2443 526 2539 propositum.

346 2567 483 2638 Initium
512 2567 640 2639 faciam
668 2591 691 2639 a
718 2564 875 2638 carmine
901 2566 940 2654 II,
970 2591 1004 2656 9,
1036 2593 1106 2640 vss
1145 2573 1307 2642 18—22.

887 2691 940 2762 Et
955 2692 1081 2786 potius
1108 2719 1198 2766 uevu

505 2818 698 2888 Cuuleueus
724 2817 895 2911 Augusti
915 2824 1060 2912 tropaea

506 2942 677 3013 Caesaris
704 2949 737 3012 et
758 2940 923 3036 regulum
948 2940 1147 3035 Niphaten,

504 3066 720 3160 Medumque
733 3063 880 3160 stumeu
898 3064 1065 3160 gentibus
1092 3067 1257 3138 uddr'luue

512 3189 621 3260 Victus
647 3190 802 3261 meueues
829 3189 964 3260 volvere
990 3189 1142 3275 veulr'ces,

503 3314 675 3408 [utruque
690 3313 961 3407 praescriptum
990 3311 1137 3385 Geleuos

504 3437 675 3533 Euegues
693 3436 849 3531 epue‘tuue
875 3435 1021 3530 eampis.

346 3560 532 3654 Quamvis,
563 3575 602 3632 ut
628 3583 738 3655 supra
761 3557 925 3646 vidimuS,
953 3557 1061 3632 stulta
1085 3560 1131 3632 sit
1150 3557 1467 3661 magniloquentia,

294 3685 392 3781 quod
434 3684 605 3756 Horatius
642 3681 794 3755 Parthos
831 3682 1000 3776 gentibus
1037 3684 1180 3758 additos
1208 3686 1309 3761 victis
1334 3707 1467 3780 cantat,

294 3825 415 3880 tamen
440 3805 628 3902 singularis
657 3805 776 3903 aliqua
803 3831 861 3878 res
884 3807 978 3880 sacta
992 3833 1073 3880 esse
1089 3809 1320 3908 debet,‘quae
1335 3830 1470 3911 poetae

294 3931 373 4005 talis
401 3931 696 4028 exaggerationis
722 3955 848 4002 ansam
877 3929 1026 4003 dederit.
1080 3931 1142 4004 nd
1171 3959 1228 4006 res
1247 3952 1371 4031 gestas
1386 3941 1469 4011 anni

297 4078 344 4129 20
384 4054 505 4128 referri
546 4079 618 4127 non
662 4069 796 4151 potest,
835 4054 1004 4151 quoniam
1033 4057 1227 4129 carminum
1254 4057 1363 4133 libros
1395 4079 1469 4136 tres

292 4179 430 4276 priores
469 4193 551 4250 tunc
595 4178 667 4250 iam
712 4178 894 4250 confectos
922 4203 1003 4251 esse
1028 4195 1065 4252 et
1090 4180 1124 4252 in
1149 4178 1264 4253 lucem
1292 4185 1469 4278 prodiisse

292 4302 436 4376 abunde
464 4317 614 4375 constat.
649 4303 682 4397 1)
714 4302 843 4398 Neque
871 4303 988 4398 magis
1016 4306 1117 4377 uuuu's
1134 4307 1302 4404 Augusti
1315 4313 1470 4404 trepaeis

332 4584 356 4648 r)
375 4583 440 4632 Vide
460 4583 565 4641 Franke‚
586 4582 653 4630 Fasti
674 4582 764 4630 Horat.
781 4597 839 4646 pag.
860 4591 902 4644 54,
921 4598 980 4647 sqq.
