3292 5259
756 309 791 396 6³

240 484 433 586 Reliquum
452 505 518 579 est,
536 506 575 563 ut
589 491 623 564 in
637 495 886 591 quaestionem
901 521 1072 570 vocemus
1087 497 1182 570 oden
1196 514 1362 572 octavam

187 608 266 685 libri
291 612 397 702 tertii,
425 640 497 713 qua
516 631 628 711 poeta
650 617 901 692 Maecenatem
924 619 972 693 ad
986 619 1083 694 diem
1098 620 1227 694 festum
1239 647 1362 694 secum

119 779 122 786 -
186 733 442 809 celebrandum
472 738 605 828 invitat,
643 766 810 840 eumque,
841 759 880 817 ut
908 743 1028 817 animo
1053 744 1174 818 veniat
1199 743 1299 818 hilari
1325 762 1361 818 et

185 885 210 932 a
237 859 328 933 curis
352 860 502 957 publicis
526 864 709 960 expedito,
727 865 825 940 hisce
843 867 963 942 verbis
977 866 1168 967 alloquitur
1185 870 1361 966 (versibus

192 987 374 1081 17-25):

397 1111 506 1185 Mitte
536 1113 654 1186 cazas
681 1124 792 1210 super
816 1117 903 1189 urbe
924 1141 1032 1208 auras
1048 1147 1059 1187 .·

401 1236 540 1309 Oeeailit
561 1237 664 1310 Daci
686 1239 862 1311 Cotisonis
888 1213 1027 1338 agmen,

399 1360 565 1433 Medus
591 1361 790 1435 infestus
815 1363 902 1436 sibi
930 1362 1165 1442 luctuosis

336 1514 340 1521 ·
400 1484 796 1560 Dissidetarmis.
1125 1585 1127 1591 ,

396 1610 519 1682 Saevit
542 1610 737 1706 Hispanae
763 1621 862 1684 vetus
888 1612 1001 1684 itastis
1025 1637 1108 1684 arae

399 1735 578 1808 Cantaber
602 1761 685 1808 sera
712 1737 867 1809 damaim
891 1747 1024 1815 catena.

397 1860 479 1931 Iam
514 1860 666 1957 Scythae
691 1862 778 1934 laxa
805 1861 1028 1934 meditantur
1054 1888 1142 1934 areu

401 1984 529 2057 Cedere
555 1987 701 2081 campis.

237 2107 320 2181 Hoc
359 2132 503 2181 carmen
541 2108 654 2206 vulgo
693 2109 906 2206 interpretes
952 2109 1140 2206 assignant
1173 2135 1267 2184 anno
1311 2136 1356 2201 29

182 2229 305 2329 paullo
344 2248 428 2305 ante
462 2230 631 2306 calendas
657 2235 817 2307 Martias.
853 2237 886 2331 1)
927 2235 1045 2308 Versu
1077 2254 1122 2327 17
1148 2233 1283 2308 scilicet
1306 2260 1356 2308 re-

183 2358 272 2454 spici
297 2373 426 2455 putant
450 2359 673 2433 Maecenatis
698 2359 796 2433 urbis
820 2360 1094 2457 praefecturam,
1116 2385 1189 2458 quo
1210 2385 1356 2432 munere

182 2482 240 2555 bis
266 2480 322 2555 ille
349 2483 492 2557 functus,
511 2498 577 2571 est,
599 2483 755 2580 primum
774 2509 869 2557 anno
891 2491 951 2578 36,
974 2488 1008 2581 2)
1031 2484 1117 2557 dum
1136 2483 1356 2558 Octavianus

182 2605 315 2680 bellum
354 2633 435 2679 cum
472 2606 573 2680 Sext.
620 2608 795 2704 Pompeio
834 2610 998 2706 gerebat,
1040 2608 1240 2708 iterumque
1276 2606 1358 2682 belli

182 2733 323 2806 Actiaci
361 2733 583 2829 temporibus
609 2758 675 2831 per
700 2758 813 2806 annos
843 2758 1009 2827 31-29.
1042 2736 1079 2830 3)
1109 2735 1294 2808 Dacorum
1322 2750 1359 2807 et
1451 2727 1460 2745 ’

183 2859 400 2955 Scytharum
428 2857 725 2931 commemoratio
740 2859 919 2955 pertinere
935 2858 975 2931 iis
994 2859 1136 2931 videtur
1150 2858 1197 2931 ad
1212 2857 1355 2946 bellum,

188 3007 262 3079 quo
294 2983 344 3055 M.
384 2983 538 3056 Licinius
571 2984 733 3072 Crassus
762 2981 1000 3056 Macedoniae
1028 2981 1231 3079 proconsul,
1260 3007 1357 3055 anno

191 3130 236 3196 29
264 3123 482 3204 εειεςεῃῐοε
507 3125 716 3204 persecutus
731 3124 797 3181 est.
828 3108 1039 3181 Parthorum
1055 3111 1093 3204 4)
1116 3107 1270 3204 denique
1290 3107 1358 3179 dis-

235 3303 257 3362 ι)
276 3300 341 3349 Vide
366 3301 500 3367 epistolam
519 3299 630 3348 criticam
648 3299 804 3348 Lachmanni
822 3299 856 3348 ad
876 3299 961 3348 Virum
981 3299 1057 3348 Doct.
1077 3299 1176 3348 Franke
1194 3299 1273 3365 (Fasti
1292 3300 1358 3347 Hor.

183 3406 242 3456 pag.
272 3387 358 3451 240.);
378 3390 457 3448 Estre,
475 3405 534 3454 pag.
555 3402 607 3449 224
618 3406 625 3447 ;
644 3387 743 3446 Schutz,
763 3389 784 3436 1.
803 3403 861 3452 pag.
883 3401 941 3451 ²03·
961 3388 1071 3437 Frankio
1092 3387 1177 3437 omnia
1195 3388 1288 3437 indicia
1298 3389 1360 3437 mire

183 3480 210 3529 in
233 3495 327 3528 annum
356 3490 387 3542 25
408 3478 529 3544 quadrare
546 3478 672 3543 videntur,
690 3476 736 3525 sed
753 3475 855 3526 fallitur.
893 3477 971 3526 Nulla
990 3477 1057 3526 enim
1076 3476 1144 3542 apud
1163 3492 1314 3542 quemquam
1333 3477 1359 3525 fit
1453 3530 1465 3537 ,

183 3569 279 3619 mentio
298 3568 360 3618 belli
380 3569 518 3626 Dacorum,
537 3567 676 3632 quod-hoc
694 3573 808 3631 tempore
826 3572 924 3630 gestum
942 3566 981 3618 sit.

220 3662 250 3719 2)
270 3659 308 3708 Cf.
327 3661 395 3724 App.
418 3659 446 3710 B.
466 3657 495 3706 C.
515 3657 547 3716 V,
566 3671 609 3719 99,
632 3669 698 3714 ¹1²3
719 3655 771 3703 Dio
790 3655 886 3713 XLIX,
909 3654 948 3703 16.

219 3752 244 3812 3)
263 3748 302 3797 Cf.
323 3748 376 3796 Dio
395 3748 440 3806 Li,
460 3760 475 3809 3
486 3764 493 3805 ;
513 3746 580 3795 Vell.
599 3746 636 3793 11.
656 3743 707 3803 88;
726 3744 786 3792 Tac.
806 3743 900 3796 Annal.
919 3743 966 3803 VI,
989 3756 1027 3791 11.
1052 3775 1078 3782 -
1092 3743 1239 3800 FrankefF.
1252 3745 1287 3793 Η.
1297 3760 1356 3810 pag.

186 3838 249 3902 161)
271 3837 373 3886 assumit
391 3837 488 3885 tertiam
505 3833 658 3884 Maecenatis
676 3831 857 3898 praefecturam
875 3847 943 3880 anno
964 3842 994 3895 25
1014 3838 1118 3896 gestam,
1137 3834 1356 3898 quamquamnihil

181 3927 230 3975 hac
249 3927 282 3976 de
300 3943 326 3975 re
345 3943 360 3975 a
377 3925 540 3991 scriptoribus
558 3924 664 3972 relatum
681 3921 784 3972 invenit.
821 3923 900 3971 Recte
918 3937 975 3970 eum
993 3920 1083 3970 refutat
1101 3921 1200 3981 Schutz,
1214 3939 1356 3987 provocans

180 4014 215 4064 ad
233 4015 294 4063 Tac.
315 4015 407 4062 Annal.
427 4013 473 4071 VI,
497 4024 523 4059 11
538 4030 544 4060 ε
565 4011 699 4069 „Ceterum
717 4012 846 4074 Augustus
855 4009 922 4058 bellis
931 4009 1044 4058 civilibus
1057 4009 1167 4059 Cilnium
1178 4010 1355 4069 Maecenatem,

180 4103 301 4167 equestris
328 4102 432 4161 ardim's,
460 4101 551 4148 ametis
578 4100 650 4164 apud
672 4101 780 4148 Romam
805 4109 878 4164 atque
895 4100 999 4149 Italiam
1010 4099 1167 4165 praeposuit.
1186 4101 1250 4148 Max
1269 4116 1355 4148 rerum

173 4193 342 4257 potitus....
378 4189 484 4254 sumpsit
518 4206 531 4237 e
560 4188 740 4247 carismatibus,
767 4188 814 4252 qui
840 4197 960 4237 coerceret
985 4188 1097 4247 seruitia,
1123 4197 1147 4236 et
1174 4189 1242 4252 quad
1267 4187 1358 4236 civium

181 4281 288 4330 audacia
312 4279 451 4338 turbidum,
470 4277 519 4326 uiri
536 4278 588 4326 airu
608 4274 727 4325 metuat.’'
765 4277 910 4341 Numquam
930 4277 1064 4326 Maecenas
1083 4275 1209 4325 fruebatur
1227 4275 1354 4325 consulari

181 4371 321 4436 dignitate3
349 4385 394 4435 per
420 4375 500 4417 totam
527 4367 604 4415 vitam
632 4365 731 4413 vivebat
759 4372 881 4427 „augusta
908 4365 976 4412 clavo
1002 4360 1145 4413 conteretus’'
1163 4363 1230 4424 (Vell
1250 4364 1276 4411 11
1296 4361 1355 4428 88).

180 4460 248 4510 Fieri
266 4460 341 4525 igitur
358 4475 410 4508 non
428 4465 520 4524 potest,
538 4463 565 4505 ut
583 4463 641 4521 post
659 4454 728 4502 bella
745 4453 829 4503 civilia
846 4453 944 4502 tertium
963 4455 1017 4503 urbi
1036 4453 1175 4520 praefectus
1192 4453 1230 4502 sit.

216 4550 247 4612 4)
267 4550 441 4597 Mommsenus
458 4547 520 4608 (Res
537 4546 629 4593 Gestae
649 4543 708 4590 Divi
728 4544 793 4605 Aug.
813 4557 871 4605 pag.
892 4547 944 4604 97.)
963 4559 1015 4592 non
1035 4559 1062 4590 se
1080 4541 1221 4607 perspicere
1231 4541 1301 4600 dicit,
1314 4559 1357 4590 cur

180 4639 284 4706 propria
312 4638 428 4687 vocabuli
448 4634 631 4701 significatione
649 4631 760 4689 exclusa,
783 4629 874 4678 Medus
890 4634 971 4692 (versu
994 4635 1033 4692 19)
1052 4629 1188 4693 accipiatur
1207 4629 1239 4677 de
1264 4630 1356 4678 Partho
