3292 5259
893 309 932 379 46

326 480 524 557 troversiae
551 492 716 554 auctores
743 476 887 573 saepius
911 492 1011 550 tanta
1029 477 1198 551 socordia
1219 504 1262 552 ac
1280 477 1500 577 negligentia

327 633 385 681 res
399 620 523 703 gestas
538 602 671 698 scripto
689 601 913 689 mandarunt,
935 616 974 674 ut
986 602 1112 689 neutri,
1136 602 1202 675 nisi
1214 601 1285 676 alia
1297 604 1501 677 testimonia

327 730 510 816 accedant,
538 726 658 798 statim
686 722 776 796 fides
803 723 973 797 habenda
998 725 1053 798 sit.
1085 725 1207 802 Ceteri
1225 727 1420 823 scriptores
1443 743 1501 799 aut

326 853 471 927 omnino
499 864 628 939 tacent,
643 848 691 921 de
710 848 991 921 dissensionibus
1009 847 1170 923 civilibus
1188 851 1412 940 Parthorum,
1444 866 1501 923 aut

327 974 410 1049 nihil
437 976 512 1048 sere
540 974 636 1060 dant,
674 960 774 1070 quod
801 971 849 1045 ad
877 997 953 1045 rem
981 988 1141 1045 nostram
1168 973 1354 1048 conducat.
1402 974 1501 1047 Unus

326 1099 499 1173 Horatius
534 1094 682 1169 Flaccus
719 1093 893 1168 nonnullis
921 1096 1026 1169 trium
1053 1096 1212 1193 priorum
1239 1096 1411 1171 librorum
1431 1124 1502 1171 car-

327 1224 479 1297 minibus
520 1248 577 1295 res
618 1219 800 1293 Parthicas
843 1216 931 1293 illius
958 1221 1087 1295 aetatis
1121 1236 1285 1317 tangens,
1333 1221 1501 1295 auxilium

328 1347 430 1423 nobis
456 1346 570 1435 affert,
601 1345 666 1417 sed
694 1340 766 1424 tale
794 1341 962 1417 auxilium
989 1346 1089 1443 quod
1115 1346 1190 1419 sere
1218 1366 1355 1435 συκίνην
1370 1361 1500 1422 exmov-

328 1466 414 1562 ρίαν
445 1469 587 1541 dixeris.
619 1466 794 1561 Quamvis
821 1467 929 1563 igitur
942 1493 1070 1564 pamm
1084 1470 1161 1565 spei
1175 1470 1231 1559 sit,
1255 1471 1331 1543 fore
1345 1487 1385 1544 ut
1403 1488 1500 1545 certo

330 1594 458 1665 iudicio
486 1617 562 1665 rem
583 1591 630 1664 ad
651 1579 827 1688 liquidum
838 1591 1086 1687 perducamus,
1106 1595 1406 1690 operaepretium
1419 1596 1500 1670 mihi

328 1732 450 1789 tamen
486 1716 602 1788 visum
640 1731 696 1788 est
730 1715 956 1811 perpendere
990 1732 1028 1790 et
1054 1718 1262 1793 examinare
1303 1719 1435 1793 Dionis
1462 1743 1501 1791 ac

328 1840 446 1913 lustini
488 1839 719 1927 narrationes
764 1853 803 1911 ut
842 1840 1079 1935 experiamur,
1123 1842 1153 1913 si
1181 1842 1283 1931 forre,
1318 1868 1389 1916 non
1420 1845 1500 1917 dico

329 1979 475 2052 certum,
506 1980 544 2036 at
570 1960 698 2035 saltem
726 1959 914 2059 probabile
941 1977 979 2035 et
1005 1962 1194 2037 verisimile
1220 1963 1353 2064 aliquid
1372 1993 1503 2065 propo-

330 2113 415 2161 nere
443 2110 631 2175 possimus

382 2210 491 2303 Quae
504 2202 717 2305 disceptatio
732 2225 771 2281 ut
789 2225 886 2285 recte
905 2226 942 2284 et
960 2212 1086 2285 ordine
1104 2215 1289 2309 procedat,
1311 2241 1369 2289 res
1379 2214 1501 2312 paullo

327 2322 430 2407 altius
449 2333 648 2430 repetenda
666 2349 731 2422 est,
759 2348 796 2407 et
814 2360 963 2409 necesse
982 2335 1066 2408 mihi
1085 2336 1234 2427 videtur,
1262 2355 1302 2414 ut
1319 2339 1501 2413 historiam

326 2484 444 2533 rerum
477 2459 512 2530 in
547 2456 696 2545 Oriente
722 2472 907 2555 gestarum
935 2459 1093 2536 breviter
1120 2487 1301 2557 exponam
1335 2463 1382 2535 ab
1407 2488 1500 2536 anno

329 2589 388 2675 36,
426 2608 499 2680 quo
533 2582 711 2656 Antonius
744 2578 919 2664 infelicem
952 2582 987 2655 in
1014 2583 1166 2657 Parthos
1193 2586 1268 2658 iniit
1303 2587 1499 2683 expeditio·

251 2694 265 2747 Ῠ
326 2731 418 2779 nem.
1419 2706 1422 2711 ’

379 2833 477 2905 Nota
514 2856 572 2904 res
608 2845 672 2918 est,
702 2845 741 2901 ut
765 2828 835 2900 hoc
862 2826 1003 2918 bellum,
1040 2832 1206 2929 quamvis
1222 2848 1441 2929 susceptum
1468 2834 1499 2904 in

324 2982 451 3055 regem
480 2956 681 3042 Phraatem,
712 2967 857 3049 gestum
885 2978 1065 3026 essenon
1095 2953 1132 3026 in'
1156 2954 1302 3029 Parthia
1329 2956 1416 3052 ipsa,
1436 2956 1498 3031 sed

325 3083 358 3153 in
391 3077 515 3153 Media
547 3079 785 3175 Atropatene,
822 3079 856 3173 1)
894 3077 990 3149 cuius
1017 3102 1082 3149 rex
1110 3079 1335 3152 Artavasdes
1362 3080 1499 3153 Parthis

325 3203 471 3277 loedere
500 3218 578 3275 erat
605 3202 752 3275 iunctus.
782 3199 963 3274 Antonius
990 3200 1085 3281 enim
1111 3202 1183 3274 iam
1211 3201 1259 3274 ad
1278 3175 1498 3299 Euphratem

325 3340 561 3423 processerat,
598 3349 679 3395 cum
724 3349 789 3397 rex
827 3325 1023 3397 Armeniae
1063 3324 1221 3413 Maioris,
1267 3326 1321 3398 cui
1362 3342 1400 3400 et
1433 3326 1497 3424 ipsi

325 3450 521 3523 Artavasdi
559 3472 691 3522 nomen
728 3464 815 3539 erat,
854 3449 995 3545 magnis
1028 3445 1340 3545 pollicitationibus
1376 3466 1498 3524 auctor

326 3574 358 3647 ei
386 3574 465 3662 suit,
496 3590 535 3646 ut
566 3573 690 3646 itinere
725 3596 858 3645 averso
885 3572 1028 3660 Medos
1063 3572 1274 3669 quibuscum
1293 3571 1339 3645 illi
1358 3573 1496 3645 inimici-

325 3699 397 3771 tiae
425 3698 708 3786 intercesserant,
736 3693 833 3769 bello
855 3711 1142 3794 persequeretur.
1164 3696 1255 3769 Mox
1270 3711 1391 3769 autem
1410 3694 1495 3769 illius
1595 3737 1597 3764 t

312 3821 502 3918 'promissa
529 3845 623 3893 vana
650 3836 687 3893 et
714 3819 811 3891 irrita
838 3835 1038 3893 evaserunt.
1070 3820 1163 3893 Cum
1181 3820 1276 3892 enim
1302 3821 1369 3917 ipsi
1384 3822 1495 3894 Anto-

324 3946 383 4018 nio
411 3943 565 4016 Phraata
593 3959 701 4039 caput
727 3943 920 4016 Medorum
947 3944 1170 4040 oppugnanti
1188 3968 1247 4017 res
1266 3945 1381 4019 minus
1398 3971 1494 4041 pros-

324 4094 411 4167 pere
426 4067 581 4155 cederet,
599 4082 635 4140 et
649 4066 833 4139 Statianus
846 4064 999 4163 legatus
1016 4092 1124 4164 quem
1134 4067 1168 4138 in
1179 4067 1302 4141 itinere
1316 4068 1494 4164 praesidio

283 4189 286 4195 ’
323 4190 587 4289 impedimentis
615 4188 816 4287 reliquerat,
847 4216 928 4261 cum
950 4188 1135 4286 permultis
1154 4215 1300 4263 suorum
1319 4216 1342 4262 a
1360 4191 1494 4263 Parthis

363 4363 384 4420 1)
407 4359 479 4407 Haec
506 4356 586 4421 regio,
614 4370 688 4419 quam
708 4369 768 4403 cave
787 4370 819 4403 ne
838 4352 979 4402 confundas
998 4368 1055 4400 cum
1074 4352 1158 4401 Medis
1179 4354 1282 4418 proprie
1297 4354 1332 4402 ita
1350 4354 1493 4409 nominatis,

324 4464 387 4514 quos
414 4446 516 4496 saeculo
540 4443 707 4510 praecedente
726 4442 885 4491 Mithridates
904 4443 917 4489 I
936 4441 962 4489 in
981 4448 1131 4505 potestatem
1150 4457 1221 4491 suam
1239 4442 1344 4507 redegit,
1365 4442 1413 4503 (Cf.
1432 4443 1492 4506 just.

323 4536 393 4595 XLI,
419 4535 444 4597 6)
473 4534 603 4583 Strabonis
630 4539 710 4582 aetate
728 4531 811 4579 adhuc
829 4531 968 4579 libertatem
987 4546 1057 4579 suam
1075 4529 1142 4577 felici
1162 4538 1253 4578 eventu
1269 4529 1382 4579 defendit
1399 4531 1432 4578 ab
1450 4532 1493 4577 Ar-

322 4624 411 4673 meniis
430 4631 454 4673 et
473 4623 577 4681 Parthis,
597 4622 661 4671 inter
679 4636 743 4685 quos
761 4620 845 4685 posita
864 4626 923 4669 erat.
943 4618 981 4669 Cf.
1000 4618 1080 4668 Strab.
1100 4628 1160 4680 523.
