3292 5259
799 307 839 414 71¹

228 505 351 580 labore
385 533 408 580 a
436 507 593 581 Gabinio
622 533 847 604 compressa,
877 524 959 580 tunc
987 508 1035 580 d'e
1063 507 1204 606 integro
1235 510 1405 584 accende·

228 633 333 705 batur
362 635 409 730 ι).
467 633 656 720 Nabataei,
685 633 823 721 Ituraei,
855 633 1013 706 Idumaei
1026 643 1041 721 ,‘
1064 630 1156 706 aliae
1184 632 1312 728 Syriae
1345 633 1406 707 de-

229 773 325 829 serta
356 755 552 830 incolentes
588 757 752 830 Arabum
780 773 929 852 genteS,
966 731 1061 855 quae
1086 782 1109 829 a
1134 757 1309 852 Pompeio
1337 759 1404 831 sub

227 880 407 954 dicionem
434 881 614 969 redactae,
636 896 721 977 post
745 880 848 953 huius
873 881 1070 953 discessum
1098 878 1231 983 bellum
1251 897 1289 954 et
1314 883 1405 980 rapi·

228 1030 292 1077 nas
320 1019 515 1103 numquam
542 1005 815 1092 intermiserant
848 1006 883 1100 2)
915 1029 938 1077 a
963 1004 1212 1077 Romanorum
1246 1004 1405 1078 domina-

135 1125 140 1132 ’
227 1129 325 1203 tione
353 1128 588 1202 abhorrentes
613 1129 660 1202 ad
688 1128 841 1201 Parthos
870 1126 1094 1200 inclinabant.
1125 1129 1208 1201 Rex
1237 1130 1406 1202 Comma·

228 1279 344 1350 genus
379 1252 590 1342 Antiochus,
629 1253 744 1326 Orodi
772 1277 839 1349 per
875 1251 1085 1325 affinitatem
1114 1253 1331 1342 coniunctus
1366 1256 1402 1350 3)

228 1377 360 1451 dubiae
379 1393 457 1451 erat
474 1376 569 1450 fidei.
592 1378 667 1450 Res
683 1378 832 1475 piratica
846 1403 941 1450 nova
955 1391 1103 1473 ceperat
1118 1377 1345 1450 incrementa.
1364 1380 1402 1474 4)

229 1503 541 1578 Abominabantur
573 1500 808 1598 provinciales
852 1502 1101 1574 Romanorum
1129 1500 1406 1598 magistratuum

229 1628 415 1701 avaritiam
455 1643 493 1701 et
525 1627 770 1724 rapacitatem,
809 1650 927 1724 neque
954 1623 989 1697 id
1015 1623 1144 1696 mirum
1169 1625 1334 1722 cuiquam
1357 1625 1406 1697 vi-

230 1753 380 1842 debitur,
425 1753 485 1850 qui
512 1753 734 1849 cognoverit,
762 1752 916 1823 duorum
943 1746 1208 1846 proconsulum,
1237 1749 1298 1846 qui
1325 1774 1406 1846 pro·

159 1892 167 1896 “
230 1877 325 1950 xime
343 1877 622 1964 antecesserant,
650 1874 812 1962 alterum,
841 1872 975 1946 Aulum
991 1873 1196 1975 Gabinium,
1214 1888 1289 1945 tam
1310 1873 1406 1945 inex·

232 1999 369 2097 plebilis
396 2000 503 2072 luisse
531 1999 744 2098 cupiditatis
774 2014 814 2071 ut
839 1998 887 2070 ad
910 2021 1088 2070 summam
1111 1993 1264 2091 amplius
1279 2011 1406 2094 quater

232 2122 344 2196 milies
371 2125 575 2197 sestertium
603 2120 817 2220 compilasse
837 2137 875 2194 et
907 2121 991 2216 ipsis
1010 2119 1254 2217 praedonibus
1269 2120 1407 2193 maiora

231 2248 363 2321 damna
412 2248 616 2345 provinciae
662 2247 830 2320 inflixisse
869 2245 1017 2334 dicatur,
1064 2247 1101 2340 5)
1141 2241 1313 2332 alterum,
1352 2246 1402 2318 M.

230 2373 402 2445 Licinium
431 2374 612 2462 Crassum,
642 2397 731 2471 prae
757 2371 832 2444 auri
857 2371 977 2444 studio
1003 2395 1042 2442 re
1068 2365 1209 2440 militari
1236 2367 1422 2464 neglecta

229 2513 279 2597 et
293 2495 375 2570 belli
400 2497 553 2570 Parthici
580 2496 850 2593 opportunitate
876 2495 1020 2581 omissa,
1051 2497 1087 2588 6)
1111 2519 1156 2566 eo
1171 2518 1404 2590 progressum

229 2647 309 2695 esse
336 2621 489 2696 libidinis
513 2638 551 2696 et
578 2621 762 2722 audaciae,
793 2635 833 2693 ut
864 2645 909 2692 ne
928 2620 1001 2691 duo
1019 2616 1244 2691 sanctissima
1258 2617 1405 2715 quidem
1435 2701 1446 2710 „

229 2763 266 2820 et
298 2745 569 2843 opulentissima
595 2743 740 2842 templa,
769 2770 864 2843 quae
878 2741 1066 2839 Hierapoli
1085 2756 1122 2814 et
1141 2739 1405 2838 Hierosolymis

227 2897 367 2943 summa
407 2868 582 2967 religione
619 2867 838 2956 colebantur,
873 2865 1033 2964 expilare
1066 2883 1103 2938 et
1140 2865 1295 2962 diripere
1328 2891 1405 2939 eru-

226 2994 352 3068 buerit.
387 2997 436 3092 7).

280 3121 338 3192 Ex
371 3119 494 3193 Cilicia
522 3145 649 3217 parum
675 3099 878 3214 exspectari
903 3132 1048 3213 poterat
1075 3112 1205 3187 auxilii.
1250 3114 1405 3187 Stabant

228 3245 276 3319 ibi
311 3246 405 3319 duae
430 3244 603 3341 legioneS,
647 3268 741 3341 quae
765 3242 813 3314 ad
839 3257 914 3314 tam
939 3220 1050 3314 latam
1078 3255 1115 3314 et
1149 3254 1291 3312 vastam
1323 3263 1403 3336 pro-

227 3369 379 3442 vinciam
405 3370 592 3442 tutandam
620 3368 681 3440 vix
708 3367 796 3462 satis
825 3381 927 3440 erant
954 3364 1107 3439 validae.
1165 3364 1204 3435 Id
1230 3364 1404 3459 temporis

228 3495 322 3567 enim
349 3493 533 3591 provincia
561 3508 640 3566 erat
667 3489 862 3566 consularis
880 3507 919 3563 et
937 3488 1223 3586 amplectebatur
1243 3485 1404 3561 Ciliciam
1485 3500 1487 3504 ’
1531 3489 1532 3492 ’

228 3609 395 3714 asperam
421 3632 459 3690 et
485 3632 736 3713 campestrem,
777 3616 955 3712 Cyprum,
997 3613 1177 3700 Isauriam,
1221 3612 1401 3698 Pisidiam,

227 3740 486 3839 Pamphyliam,
526 3740 748 3838 Lycaoniam
787 3757 825 3813 et
860 3755 933 3812 tres
975 3737 1162 3810 dioeceses
1205 3735 1401 3832 Phrygiae:

267 3959 291 4015 r)
311 3956 349 4006 Cf.
369 3957 439 4006 Flav.
461 3957 512 4004 Ios.
532 3957 564 4004 A.
584 3956 606 4018 J.
626 3954 698 4013 XIV,
718 3964 743 4017 5,
762 3954 787 4012 6,
809 3964 832 4015 7.

265 4046 293 4112 2)
313 4047 381 4108 App.
402 4045 455 4108 Syr.
476 4044 524 4103 LI;
545 4044 615 4092 FIav.
635 4044 686 4092 Ios.
706 4043 778 4101 XIV,
798 4052 822 4105 5,
843 4042 867 4090 6.

264 4130 292 4196 3)
310 4118 363 4182 Dio
383 4133 478 4192 XLIX,
499 4145 541 4195 23.
561 4132 667 4180 Orosius
687 4131 732 4190 VI,
747 4145 777 4193 13
789 4143 920 4195 perperam
931 4128 1006 4176 tradit
1019 4127 1175 4174 Antiochum
1186 4142 1200 4174 a
1211 4125 1298 4174 Cassio
1309 4125 1401 4172 victum

227 4239 283 4272 esse
311 4231 335 4270 et
362 4221 528 4270 interiectum.
566 4223 606 4268 An
636 4220 701 4269 sorte
727 4220 790 4268 alius
809 4199 912 4283 quidam
931 4217 1072 4264 Antiochus
1092 4217 1123 4264 'eo
1143 4214 1246 4262 nomine
1265 4213 1404 4276 intelligen-

226 4312 275 4360 dus
294 4313 352 4359 est?

261 4399 292 4459 4)
312 4399 365 4447 Dio
384 4399 507 4457 XXXIX,
526 4397 568 4461 56

264 4493 289 4552 5)
308 4489 360 4537 Dio
379 4489 535 4551 XXXIX‚5
522 4498 564 4551 55,
585 4487 627 4549 56.

159 4587 162 4589 ’
262 4577 291 4637 6)
311 4579 375 4626 Plut
395 4578 476 4625 Crass.
496 4577 581 4625 XVII

267 4672 293 4732 7)
313 4668 377 4715 Plut.
399 4667 479 4714 Crass
500 4667 592 4725 XVII;
613 4665 682 4713 Flav.
703 4665 754 4713 Ios.
773 4664 807 4715 A
829 4663 851 4726 J.
870 4662 942 4721 XIV,
964 4672 988 4722 7,
1010 4662 1028 4708 I.
1048 4662 1121 4708 Oros.
1142 4660 1188 4717 VI,
1211 4671 1249 4719 13.
1274 4694 1279 4700 .
