3292 5259
751 360 787 419 45
1312 397 1321 424 ι

180 494 222 569 ἐς
258 519 302 556 τε
336 502 413 573 τήν
437 500 578 561 Ἀσίαν
603 507 651 562 τὸ
678 501 815 578 ἐθνος
843 509 917 565 διά
944 512 1018 581 τής
1043 514 1215 587 Συρίας
1241 500 1353 587 ήλθτ

178 621 357 681 κάνταῦθα
383 630 622 700 παρεχείμασε,
650 630 692 687 τά
720 649 756 687 τε
774 635 843 688 τῶν
859 628 1016 703 ὑπηκόων
1034 632 1080 707 ὠς
1098 632 1221 694 ἕκαστα
1239 642 1295 695 καί
1313 641 1353 695 τά

179 752 248 805 τῶν
266 750 418 823 Πάρθων
435 750 508 821 άμα
525 755 786 826 καθιστάμενος.
810 759 1067 817 στασιασάντων
1082 762 1146 835 γάρ
1168 759 1281 820 αὐτῶν
1298 767 1354 819 καί

179 892 270 945 τινος
297 877 479 950 Τιριδάτου
502 882 549 952 τῷ
570 858 710 953 Φραάτη
721 876 970 955 ἐπαναστάντος
979 884 1146 967 πρότερον
1154 887 1281 955 μένκαί
1291 882 1354 957 ἕως

180 992 230 1053 ἐτι
248 1000 289 1054 τά
308 1002 368 1055 τοῦ
388 996 563 1071 Ἀντωνίου
580 1005 636 1061 καί
654 1004 740 1071 μετά
759 1004 819 1075 τήν
838 978 1031 1076 ναυμαχίαν
1047 1007 1274 1081 ἀνθειστήκει,
1289 1009 1353 1081 οὐχ

179 1121 261 1179 ὅσον
278 1120 318 1179 οὐ
336 1123 528 1196 προσέθετό
548 1144 596 1199 τῳ
617 1094 730 1183 αὐτῶν
746 1131 944 1197 συμμαχίαν
959 1129 1179 1201 αἰτησάντων,
1188 1130 1259 1190 ἀλλ’
1272 1133 1352 1192 ov'ot

129 1282 135 1298 s
179 1242 381 1320 ἀπεκρίνατο
400 1246 487 1304 άλλο
506 1245 607 1305 οὐδὲν
623 1247 644 1320 ή
662 1248 716 1306 ὅτι
734 1251 965 1320 βουλεύσεται·
983 1254 1155 1327 πρόφασιν
1171 1256 1352 1328 μὲνώςκαί

178 1373 254 1443 περί
272 1372 333 1441 τήν
350 1369 516 1441 Αἴγυπτον
534 1368 698 1442 άσχολίαν
716 1369 815 1443 ἐχων,
834 1370 919 1449 ἐργῳ
938 1376 976 1433 δὲ
994 1374 1031 1433 ἵν’
1053 1374 1301 1451 ε’κτρυχωθεῖεν
1318 1376 1354 1435 ἐν

180 1494 290 1567 τούτῳ
316 1495 508 1565 μαχόμενοι
532 1498 619 1567 πρὸς
648 1494 829 1570 άλλήλους.
858 1499 944 1555 Τότε
961 1500 998 1557 δὲ
1015 1497 1130 1573 ἐπειδή
1150 1498 1354 1573 ὁἌντώνιος

177 1614 387 1689 ἐτελεύτησε,
404 1624 461 1677 καί
478 1618 615 1678 ἐκείνων
632 1618 651 1678 ὁ
669 1622 732 1691 μὲν
748 1604 925 1695 Τιριδάτης
935 1619 1094 1696 ήττηθείς
1112 1621 1146 1695 ἐς
1156 1625 1216 1696 τήν
1224 1628 1353 1700 Συρίαν

177 1738 373 1816 κατέφυγεν,
390 1742 409 1801 ὁ
428 1746 465 1803 δὲ
487 1746 644 1819 Φραάτης
661 1747 829 1820 κρατήσας
847 1747 1000 1820 πρέσβεις
1018 1744 1157 1817 ἔπεμψε,
1168 1752 1302 1821 τούτοις
1315 1770 1352 1807 τε

112 1924 114 1927 ,
177 1868 318 1937 φιλικῶς
327 1862 531 1940 ἐχρημάτισε
543 1872 599 1924 καί
609 1873 656 1941 τῷ
667 1870 827 1942 Τιριδάτη
837 1869 1022 1940 βοηθήσειν
1030 1871 1094 1939 μὲν
1103 1868 1167 1942 οὐχ
1176 1869 1352 1942 ὑπέσχετο,

176 1992 377 2046 διαιτᾶσθαι
394 1991 432 2047 σε
457 1987 493 2048 ἐν
510 1994 550 2063 τή
569 1994 675 2065 Συρίᾳ
694 1988 886 2065 ἐπέτρεψεν.
902 1990 979 2048 υἱόν
986 1992 1022 2049 τέ
1033 2012 1107 2049 τινα
1117 1997 1179 2049 τοῦ
1189 1993 1351 2067 Φραάτου

177 2107 213 2168 ἐν
231 2108 426 2191 εὐεργεσίας
440 2113 536 2187 με’ρει
553 2110 627 2186 παρ’
651 2110 757 2170 αὐτοῦ
767 2114 892 2183 λαβών,
903 2110 937 2185 ἐς
946 2134 982 2171 τε
992 2111 1188 2187 τήνῬοίμην
1196 2113 1350 2188 ἀνήγαγε,

176 2237 232 2289 καί
250 2230 292 2308 ἐν,
302 2231 446 2309 ὁμηρείᾳ
465 2233 642 2308 ἐποήσατο.

203 2458 205 2461 ¹
230 2367 278 2438 Ut
307 2368 420 2454 vides,
452 2364 599 2437 multum
628 2366 718 2437 inter
743 2382 933 2462 utrumque
958 2383 1143 2439 auctorem
1171 2369 1350 2463 discrepat

177 2515 257 2561 cum
300 2490 346 2562 de
384 2488 475 2578 loco,
506 2507 582 2561 tum
610 2490 656 2561 de
685 2506 861 2586 tempore,
889 2515 962 2587 quo
990 2492 1172 2563 Tiridates
1200 2492 1248 2563 ad
1277 2492 1348 2562 Au-

174 2630 320 2709 gustum
363 2605 531 2711 confugit.
591 2614 701 2707 Quod
735 2616 885 2687 Iustinus
914 2615 947 2686 in
977 2615 1152 2710 Hispania
1186 2614 1348 2687 evenisse
1389 2661 1392 2665 -

173 2754 334 2827 testatur,
366 2740 402 2810 id
430 2739 627 2811 secundum
653 2739 810 2811 Dionem
839 2739 873 2810 in
893 2739 999 2835 Syria
1018 2755 1137 2812 actum
1152 2756 1227 2828 est3
1249 2740 1347 2835 quod

174 2862 228 2932 hic
263 2864 424 2958 assignat
454 2863 618 2958 tempori,
654 2889 726 2959 quo
762 2863 983 2935 Octavianus
1010 2864 1187 2960 Aegypto
1217 2865 1348 2958 pacata

175 2999 211 3053 et
239 2984 429 3055 constituta
456 3010 522 3078 per
538 2970 689 3079 'Syriam
717 2985 752 3054 in
780 2984 908 3055 Asiam
936 2984 1157 3079 provinciam
1185 2984 1299 3071 rediit,
1324 2986 1343 3055 i.

175 3129 205 3175 e.
237 3104 344 3201 hiemi
373 3106 504 3177 ineunti
533 3108 613 3177 anni
642 3130 701 3197 30,
732 3107 769 3176 id
795 3104 852 3177 ille
880 3107 988 3179 refert
1015 3108 1062 3179 ad
1090 3108 1246 3205 Augusti
1274 3108 1346 3182 bel-

174 3226 246 3299 lum
277 3228 541 3316 Cantabricum,
572 3230 671 3325 quod
698 3254 763 3325 per
791 3254 906 3302 annos
929 3236 1083 3320 26—24
1104 3247 1248 3329 gestum
1267 3258 1348 3306 esse

172 3368 322 3425 constat.
355 3352 407 3425 Cs.
440 3353 514 3425 Dio
541 3354 627 3441 LIII,
663 3374 721 3445 25.
762 3354 886 3449 Itaque
913 3371 1043 3451 sponte
1069 3356 1159 3428 haec
1183 3357 1347 3453 quaestio

171 3500 252 3549 sese
281 3477 383 3549 nobis
413 3477 539 3549 offert:
567 3478 658 3550 sitne
686 3503 744 3551 res
769 3503 840 3550 una
869 3478 1081 3575 eademque,
1107 3482 1154 3552 ab
1170 3482 1346 3554 ambobus

171 3600 402 3695 scriptoribus
450 3601 591 3675 diverse
633 3602 799 3698 exposita
841 3602 899 3691 ita,
937 3618 976 3674 ut
1014 3601 1182 3677 alteruter
1207 3630 1344 3677 errasse

172 3723 379 3797 iudicandus
415 3726 470 3813 sit,
508 3750 554 3797 an
589 3726 707 3821 potius
739 3727 920 3798 sententia
957 3742 1077 3800 nostra
1106 3754 1151 3800 eo
1179 3727 1344 3801 inclinare

171 3847 314 3936 debeat,
346 3866 384 3921 ut
411 3847 631 3947 singulorum
655 3851 861 3923 narratione
890 3851 938 3922 ad
966 3866 1133 3923 eventum
1163 3852 1343 3925 diversum

169 3988 449 4069 separatumque
490 3974 690 4068 pertinente
731 3975 823 4047 forte
865 3974 1005 4047 fortuna
1032 3974 1121 4048 alter
1148 3975 1344 4048 servaverit

170 4094 270 4191 quod
298 4094 387 4167 alter
415 4097 544 4169 omisit.

223 4219 388 4293 Profecto
424 4219 575 4293 arduum
602 4218 658 4293 ille
685 4220 873 4317 negotium
903 4222 1057 4318 suscipit,
1102 4224 1162 4320 qui
1188 4223 1278 4294 hanc
1306 4222 1340 4292 li-

168 4358 242 4415 tem
278 4343 472 4416 diiudicare
500 4360 537 4416 et
564 4344 768 4416 discernere
797 4344 1020 4439 aggreditur.
1079 4345 1205 4439 Aegre
1245 4346 1339 4417 enim

168 4466 417 4539 desideramus
445 4464 597 4538 solidum
623 4466 903 4553 fundamentum,
935 4492 1008 4562 quo
1037 4468 1126 4538 ireta
1146 4468 1340 4563 disputatio

168 4606 290 4662 nostra
317 4592 364 4663 ad
392 4606 528 4663 certum
556 4589 710 4687 aliquem
736 4590 844 4662 finem
857 4589 1003 4685 perduci
1021 4590 1145 4684 possit.
1175 4590 1244 4685 Ipsi
1259 4615 1339 4661 con·
