3292 5259
752 332 787 392 55

162 484 347 556 dustinum
375 509 531 574 errasse,
552 483 616 572 iac,
647 484 730 557 inde
741 485 788 557 ab
803 509 898 557 anno
915 508 964 578 30
983 485 1184 562 Tiridatem
1199 487 1233 558 in
1249 486 1355 584 Syria

178 608 367 706 quievisse,
396 608 588 680 Phraatem
614 607 648 679 in
674 607 749 680 otio
777 633 820 680 ac
845 634 937 705 pace
955 606 1084 684 solium
1099 610 1354 684 Arsacidarum

166 730 393 829 'occupatum
429 732 606 821 habuisse,
643 757 763 805 nonne
795 733 917 806 statim
951 734 1108 808 animum
1136 735 1230 808 subit
1258 735 1354 832 cogi-

178 857 291 940 tatio,
321 857 381 954 qui
408 856 539 930 factum
567 858 635 947 sit,
666 873 705 931 ut
730 857 902 934 Phraates
929 857 1072 954 legatos
1108 859 1265 932 Romam
1293 859 1355 932 mi·

178 982 285 1055 serit?
315 981 365 1054 Ut
389 978 497 1054 filium
525 996 609 1054 ante
635 997 776 1077 septem
804 1007 917 1054 annos
943 982 1010 1056 sibi
1035 984 1226 1078 abreptum
1253 1007 1354 1079 repe·

178 1105 292 1178 teret?
330 1105 403 1177 Cur
440 1119 564 1177 autem
602 1120 687 1201 post
727 1119 865 1178 tantum
898 1105 1071 1201 temporis
1097 1103 1353 1178 intervallum?
1411 1171 1423 1178 .

177 1228 364 1327 Siquidem
391 1253 505 1324 usque
533 1226 635 1300 nullis
660 1228 772 1300 turbis
797 1226 957 1300 civilibus
984 1244 1142 1302 tentatus
1167 1243 1232 1318 est,
1272 1227 1356 1301 nihil

175 1353 357 1439 obstabat,
387 1376 433 1423 ne
458 1351 556 1446 prius
583 1367 791 1446 reposceret
819 1353 995 1443 obsidem,
1018 1378 1090 1425 non
1108 1351 1201 1426 ultro
1216 1354 1352 1441 datum,

175 1473 242 1547 sed
270 1472 357 1546 dolo
385 1471 481 1546 malo
508 1473 602 1570 patri
630 1490 843 1570 surreptum.

229 1599 343 1687 Haec,
388 1613 462 1672 tam
488 1599 588 1687 mira,
615 1614 691 1670 tam
716 1598 906 1696 implicata,
937 1601 1211 1698 quodammodo
1245 1630 1354 1701 expe·

178 1724 243 1796 diri
284 1707 464 1820 poterunt.
503 1723 532 1795 si
564 1721 636 1796 fide
673 1723 813 1820 utrique
838 1725 974 1797 auctori
1002 1725 1144 1814 tributa,
1184 1727 1239 1799 bis
1264 1727 1354 1801 Tiri·

176 1849 300 1921 datem
342 1873 389 1922 ex
431 1846 576 1920 Parthia
616 1846 750 1944 fugisse
775 1848 1015 1921 statuerimus
1047 1848 1168 1942 Quam
1196 1850 1292 1923 viam
1324 1851 1353 1923 si

176 1973 378 2060 insistimus,
408 1971 465 2043 hic
492 1996 610 2044 rerum
638 1970 733 2042 ordo'
757 1971 898 2044 evadit:

229 2097 342 2169 Anno
371 2101 446 2188 36:
476 2095 611 2167 msera
635 2071 830 2190 expeditio
847 2095 1006 2168 Antoni.

228 2221 341 2293 Anno
371 2241 431 2313 35.
463 2221 578 2292 »Cum
604 2221 783 2292 Phraates
801 2220 950 2292 vz‘clorz'a
968 2221 1178 2295 zizsolenlz'or
1193 2224 1355 2298 redditus

55 2342 60 2348 ’
175 2346 288 2417 mulla
310 2345 500 2417 crudeliter
515 2339 727 2416 cumulent
746 2341 988 2418 dissensiones
1006 2343 1127 2418 civiles
1149 2364 1349 2444 erumpunt.
1367 2341 1370 2348 ’

176 2469 259 2541 Rex
290 2468 323 2540 ei
349 2467 542 2564 opponitur
567 2466 750 2539 Tiridates
778 2466 935 2564 quidam,
957 2469 1004 2540 ab
1018 2468 1225 2544 Artavasde
1239 2471 1352 2544 Medo

176 2608 214 2665 et
238 2592 401 2665 Antonio
428 2605 659 2684 sustentatus

227 2718 341 2790 Anno
367 2718 428 2809 30.
456 2715 576 2787 Ruina
602 2714 750 2786 Antonii
779 2730 816 2786 et
830 2715 1044 2788 Artavasdis
1068 2717 1228 2790 obruitur
1242 2719 1351 2793 etiam

175 2840 348 2914 Tiridatis
376 2865 495 2913 causa.
553 2839 591 2910 ln
618 2836 781 2911 exsilium
808 2836 932 2934 pulsus
968 2838 1003 2910 in
1031 2838 1175 2935 Syriam
1203 2867 1243 2914 se
1271 2867 1352 2917 con-

176 2964 244 3036 sert
255 2963 304 3036 ad
318 2965 535 3060 Augustum,
557 2978 597 3034 ut
611 2987 720 3060 opem
739 2962 814 3036 eius
834 2959 1010 3058 imploret.
1041 2962 1184 3036 Eodem
1208 2965 1353 3038 veniunt

177 3104 215 3159 et
248 3085 359 3184 legati
385 3087 558 3176 Phraatis,
588 3087 659 3184 qui,
686 3086 870 3158 Tiridates
896 3100 934 3158 ut
961 3085 1133 3174 tradatur,
1157 3082 1348 3182 postulent.

175 3210 315 3283 Neuter
341 3211 415 3282 voti
442 3209 481 3283 fit
507 3235 677 3306 compos3
707 3207 790 3282 nihil
816 3209 911 3282 enim
938 3209 1052 3282 minus
1071 3225 1149 3283 erat
1170 3211 1351 3285 exanimo

174 3334 343 3431 Augusti,
374 3360 482 3432 quam
507 3350 546 3408 ut
573 3333 825 3407 controvers-iis
850 3333 1107 3407 Arsacidarum
1131 3361 1170 3408 se
1199 3335 1351 3434 interpo-

173 3472 276 3530 neret
301 3483 347 3530 eo
375 3457 600 3554 potissimum
627 3472 804 3553 tempore,
836 3483 909 3554 quo
937 3445 1008 3530 alia
1031 3473 1067 3530 et
1094 3459 1263 3555 graviora
1292 3484 1351 3533 ne·

173 3581 275 3676 gotia
302 3607 385 3654 eum
413 3596 609 3669 manerent,
637 3605 712 3678 quo
737 3580 862 3675 ciuitas
890 3596 974 3677 post
1002 3595 1057 3653 tot
1082 3606 1256 3654 annorum
1281 3583 1349 3655 dis·

173 3705 315 3778 cordias
351 3703 470 3778 civiles
507 3720 676 3800 corrupta
700 3719 738 3776 et
765 3704 966 3777 disturbata
994 3704 1244 3778 constituenda
1271 3721 1349 3779 erat

174 3847 211 3902 et
247 3830 484 3904 emendanda.
511 3845 515 3851 ’
542 3830 747 3917 Praeterea,
777 3855 872 3927 quae
903 3842 981 3902 erat
1009 3827 1140 3901 eximia
1168 3828 1243 3901 eius
1270 3854 1352 3925 pru-

172 3957 294 4030 dentia
323 3959 521 4053 »proelium
548 3967 615 4028 aut
639 3957 766 4028 bellum
792 3955 1058 4050 suscipiendum
1083 3954 1226 4026 omnmo
1242 3979 1349 4051 nega-

171 4082 240 4168 bat,
289 4081 368 4152 m'sz'
389 4107 470 4152 cum
496 4081 617 4152 maior
639 4079 865 4152 emolumenti
884 4088 963 4173 spes
990 4103 1096 4174 quam
1125 4079 1256 4150 damni
1283 4105 1348 4151 me-

171 4215 229 4276 tus
268 4181 539 4290 ostenderetur?
573 4206 621 4299 1),
657 4218 694 4274 et
738 4200 821 4274 belli
850 4202 1002 4275 Parthici
1027 4217 1196 4274 eventum
1224 4201 1347 4274 admo·

171 4326 258 4398 dum
300 4352 381 4400 esse
420 4327 568 4399 dubium
608 4342 717 4424 atque
755 4326 938 4414 incertum,
982 4326 1019 4398 id
1058 4325 1129 4397 iam
1169 4324 1256 4397 satis
1293 4351 1348 4397 su-

170 4475 308 4547 perque
355 4451 476 4524 Crassi
515 4466 552 4522 et
588 4449 735 4522 Antonii
781 4448 987 4546 exemplum
1032 4445 1152 4543 palam
1200 4447 1343 4520 fecerat.

211 4622 232 4678 r)
251 4616 317 4666 Suet.
339 4620 406 4682 Aug.
427 4628 469 4680 25.
