3292 5259
900 324 936 380 3²

335 480 398 552 luit
430 480 620 575 Tigranes
659 478 720 575 qui
752 493 946 575 postquam
983 477 1044 548 diu
1082 474 1270 549 Seleuciae
1306 474 1353 548 ad
1390 472 1516 548 aulam

334 602 535 675 Parthicam
563 603 671 675 obses
697 618 776 675 erat
802 617 974 691 retentus,
1005 601 1143 673 circiter
1170 623 1302 673 annum
1331 620 1377 691 95
1415 602 1448 695 1)
1473 615 1517 671 ut

334 750 486 821 regnum
513 751 645 798 vacans
686 740 889 821 occuparet,
932 726 966 797 in
1001 725 1156 821 patriam
1183 723 1356 797 redeundi
1390 739 1515 819 potes·

334 865 448 922 tatem
489 850 745 945 impetraverat
785 875 832 922 eo
865 848 994 945 preti0,
1033 863 1071 921 ut
1103 864 1243 944 partem
1276 848 1330 920 sui
1359 848 1512 943 imperii,

336 987 565 1062 ἑβδομήκοντα
583 988 732 1062 αὐλῶνες
775 973 836 1071 qui
873 973 970 1069 apud
1003 972 1221 1045 Strabonem
1253 988 1435 1060 vocantur,
1470 975 1511 1067 2)

335 1096 473 1169 Parthis
501 1097 700 1171 concedere
728 1098 888 1170 deberet.
919 1096 970 1169 Ut
996 1112 1075 1174 erat
1101 1094 1290 1169 bellicosus
1309 1112 1347 1169 et
1372 1096 1515 1191 imperii

335 1221 561 1316 propagandi
598 1222 757 1318 cupidus,
805 1218 888 1294 nihil
922 1220 1081 1294 habebat
1113 1221 1290 1319 antiquius
1327 1246 1435 1319 quam
1468 1236 1514 1294 ut

334 1368 466 1440 graves
497 1360 679 1440 repeteret
704 1369 844 1443 poenas
872 1346 919 1418 ab
948 1344 1053 1417 hoste
1079 1359 1232 1440 paterno
1260 1360 1370 1443 atque
1397 1346 1510 1419 avit0.

334 1470 531 1566 Postquam
558 1470 652 1541 vires
670 1495 753 1542 suas
773 1467 1000 1541 confirmarat
1018 1483 1056 1541 et
1076 1467 1286 1557 adauxerat,
1314 1466 1410 1541 bello
1427 1469 1513 1541 Par-

336 1593 417 1664 thos
457 1607 667 1687 persecutus
704 1607 770 1681 est,
810 1606 847 1664 et
874 1616 1001 1664 eorum
1028 1589 1186 1665 civilibus
1214 1592 1326 1664 turbis
1367 1593 1514 1665 adiutus

336 1743 374 1789 re
402 1717 495 1789 bene
523 1731 629 1813 gesta
656 1741 728 1789 non
760 1731 898 1788 tantum
925 1716 1149 1812 recuperavit
1173 1716 1294 1788 omnia
1312 1740 1406 1813 quae
1425 1714 1513 1788 olim

335 1841 369 1913 vi
389 1855 534 1913 coactus
552 1839 759 1929 tradiderat,
790 1838 857 1912 sed
885 1840 996 1912 etiam
1025 1840 1174 1935 regione
1202 1839 1296 1912 circa
1319 1839 1453 1911 Ninum
1471 1855 1512 1912 et

336 1964 473 2039 Arbela
494 1979 647 2053 vastata,
678 1979 715 2037 et
734 1964 943 2060 Gordyene,
973 1964 1211 2059 Atropatene,
1241 1964 1513 2059 Mesopotamia

335 2088 517 2184 occupatis
544 2087 757 2160 Parthorum
785 2087 984 2184 potentiam
1012 2087 1120 2182 sregit
1146 2102 1185 2159 ut
1212 2112 1320 2160 nemo
1347 2085 1446 2160 alius.
1469 2091 1508 2183 3)

388 2212 464 2285 Tot
490 2208 750 2285 calamitatibus
768 2208 910 2307 lapsum
925 2226 963 2283 et
980 2210 1122 2306 penitus
1136 2210 1307 2283 afflictum
1322 2212 1509 2307 imperium

337 2336 593 2409 Arsacidarum
620 2319 768 2408 tandem
793 2361 834 2407 se
862 2335 979 2408 erexit
1006 2349 1043 2407 et
1070 2334 1255 2431 pristinam
1283 2336 1419 2432 recepit
1444 2363 1507 2433 po-

334 2460 483 2533 tentiam
511 2484 577 2556 per
601 2485 728 2558 regem
755 2459 948 2533 Phraatem
979 2459 1032 2547 III,
1063 2459 1280 2555 cognomine
1308 2462 1430 2533 Deum
1448 2486 1509 2557 ap·

335 2580 517 2679 pellatum,
546 2584 605 2681 qui
631 2609 726 2657 anno
745 2602 793 2675 70
807 2608 959 2680 regnum
977 2570 1259 2679 auspicatusest.
1290 2583 1507 2681 Prosperum

335 2707 427 2778 hunc
454 2731 573 2779 rerum
601 2720 769 2781 eventum
794 2731 867 2779 non
886 2706 1000 2780 minus
1019 2706 1160 2803 gratiae
1180 2721 1386 2803 temporum
1400 2734 1507 2807 quarn

335 2856 401 2903 suo
429 2826 576 2903 consilio
604 2856 646 2903 ac
673 2830 886 2927 prudentiae
914 2845 1102 2926 acceptum
1118 2829 1261 2921 rettulit,
1279 2856 1363 2911 nam
1378 2858 1504 2905 annum

334 2955 395 3026 vix
431 2954 584 3028 obtinuit
617 2980 780 3053 regnum,
815 2980 897 3027 cum
929 2952 1037 3043 bello,
1072 2955 1171 3052 quod
1207 2955 1299 3028 inter
1323 2954 1507 3029 Lucullum

336 3093 373 3151 et
400 3078 599 3175 Tigranem
627 3080 771 3169 exarsit,
798 3075 969 3153 liberatus
988 3094 1044 3152 est
1058 3078 1173 3166 hoste,
1191 3105 1264 3177 quo
1277 3105 1387 3152 nemo
1401 3080 1509 3153 maio-

336 3226 394 3273 res
420 3200 641 3276 calamitates
668 3204 819 3300 imperio
847 3204 1061 3276 Parthorum
1088 3200 1263 3276 intulerat.
1301 3204 1385 3277 Non
1409 3205 1514 3277 buius

336 3324 404 3398 loci
432 3341 497 3415 est,
528 3351 762 3425 quaecunque
777 3324 943 3399 Lucullus
958 3343 996 3399 et
1010 3326 1203 3422 Pompeius
1219 3327 1252 3398 in
1267 3326 1362 3401 bello
1377 3329 1512 3401 Mithri-

337 3450 457 3523 datico
493 3466 637 3523 strenue
669 3465 871 3548 gesserunt,
913 3450 1038 3523 ordine
1072 3474 1263 3541 enarrare,
1299 3451 1365 3524 hos
1403 3453 1516 3550 igitur

337 3576 420 3647 mihi
457 3575 636 3648 constituo
672 3573 771 3664 fines,
815 3589 855 3646 ut
881 3598 971 3672 quas
999 3572 1171 3646 Phraates
1198 3575 1361 3646 sustinuit
1388 3590 1516 3671 partes

336 3697 526 3794 proferam.

376 3926 402 3996 1)
425 3930 502 3976 Anno
532 3936 563 3990 95
593 3942 697 3991 regnum
724 3927 829 3993 adeptus
856 3927 897 3989 (cf.
927 3927 992 3976 Plut.
1019 3927 1118 3976 Lucull.
1139 3929 1181 3988 21)
1199 3926 1269 3975 brevi
1287 3935 1344 3975 ante
1362 3943 1392 3975 ex
1411 3927 1515 3976 Parthia

337 4017 454 4065 dimissus
472 4024 516 4065 est.
536 4016 573 4064 Cf.
593 4016 704 4080 Justinus
722 4017 874 4075 XXXVIII,
894 4028 927 4077 3:
956 4017 1046 4074 „Erat
1061 4032 1088 4063 co
1105 4022 1214 4079 tempore
1231 4016 1256 4077 (i.
1276 4031 1297 4064 e.
1317 4023 1439 4080 tempore,
1457 4033 1512 4079 quo

337 4105 531 4172 Cappadocibus
559 4120 602 4153 rex
629 4113 748 4155 asenatu
766 4106 881 4155 statuitur
898 4105 1089 4163 Ariobarzanes,
1114 4105 1180 4152 clrca
1208 4120 1302 4153 annum
1322 4108 1365 4167 95)
1387 4104 1516 4168 Tigranes

338 4213 384 4244 rex
410 4193 553 4251 Armeniae,
582 4193 645 4241 obses
672 4193 778 4241 Parthis
796 4202 854 4241 ante
872 4194 981 4241 multum
999 4191 1117 4255 temporis
1135 4191 1217 4249 dairas,
1236 4208 1280 4239 nec
1298 4191 1356 4239 olim
1375 4192 1406 4239 ab
1424 4191 1511 4240 iisdem

336 4286 363 4333 in
382 4298 487 4347 regnum
497 4288 639 4345 paternum
657 4281 781 4332 remissus.

373 4372 400 4432 2)
420 4372 509 4421 Strabo
538 4380 606 4433 532:
626 4363 723 4435 τύχαις
740 4364 766 4420 δ’
788 4363 924 4437 ἐχρήσατο
942 4367 1092 4431 ποικίλαις,
1110 4360 1171 4419 κατ’
1190 4360 1280 4433 ἀρχὰς
1296 4361 1347 4433 μὲν
1364 4361 1418 4432 γὰρ
1436 4359 1510 4432 ὡμή-

338 4476 419 4528 ρευσε
437 4454 516 4526 παρὰ
532 4454 672 4523 Πάρθοις,
691 4454 791 4509 ἔπειτα
808 4450 844 4507 δι’
864 4448 979 4507 ἐκείνων
996 4449 1078 4520 ἔτυχε
1097 4448 1237 4517 καθόδου,
1255 4446 1397 4521 λαβόντων
1405 4446 1514 4517 μισθὸν

338 4539 533 4617 ἑβδομήκοντα
552 4537 680 4601 αὐλῶνας
698 4540 746 4607 τῆς
762 4534 911 4607 Ἀρμενίας.

374 4628 400 4697 3)
421 4630 457 4678 Cf.
479 4630 543 4678 Plut.
563 4627 661 4677 Lucull.
680 4640 719 4688 14,
740 4639 781 4679 21.
