3292 5259
747 365 785 423 43

176 541 218 588 ac
245 516 512 605 consuetudine,
549 542 644 614 quae
669 516 701 589 ei
730 541 811 588 cum
839 514 1014 611 Pompeio
1040 513 1247 602 intercessit,
1286 514 1352 586 sed

90 678 96 686 ·
175 638 313 727 sufficit,
341 639 460 727 credo,
492 655 530 712 ut
557 640 591 711 in
614 637 730 712 lucem
745 638 901 735 prodeat
913 634 1084 719 ridiculus
1103 661 1202 710 error
1220 637 1349 727 lustini,

177 766 237 863 qui
273 766 432 837 amicitia
459 764 645 859 perductos
678 762 831 835 Parthos
865 761 1039 835 adversus
1072 761 1270 833 Caesarem
1306 760 1353 833 ad

178 888 340 984 Pompeii
367 903 489 984 partes
514 887 708 961 accessisse
734 886 910 983 opinatur.
972 916 976 927 ·

234 1012 316 1084 Non
355 1012 469 1084 minus
512 1010 600 1084 falsa
638 1026 729 1099 sunt,
775 1036 870 1108 quae
903 1010 1054 1083 lustinus
1089 1009 1209 1082 scribit
1241 1010 1268 1103 ἓ
1305 1028 1352 1099 7:

178 1134 300 1231 [laque
338 1135 441 1219 vz‘ctrlr
470 1136 643 1229 partibus
686 1135 915 1230 Pompeianas
959 1142 993 1205 et
1015 1134 1144 1212 Cassan
1175 1142 1209 1205 et
1238 1133 1355 1204 Bruto

178 1260 324 1331 auxilia
343 1259 515 1329 adversus
527 1258 739 1354 Augustum
757 1267 791 1329 et
800 1257 1004 1329 Amanium
1018 1256 1178 1328 miserest
1197 1252 1351 1341 Auxilia,

180 1382 226 1455 de
254 1381 384 1479 quibus
411 1381 468 1453 hic
488 1380 618 1477 agitur,
648 1405 719 1453 non
746 1381 855 1453 missa
879 1395 982 1453 erant
1006 1396 1132 1452 contra
1157 1380 1355 1478 Antonium

180 1522 217 1579 et
245 1506 496 1596 Octavianum,
526 1505 591 1577 sed
619 1519 744 1577 contra
771 1502 1012 1591 Dolabellam,
1043 1504 1113 1601 qui,
1145 1528 1226 1575 cum
1249 1504 1354 1599 Syria

180 1629 362 1727 provincia
390 1629 518 1701 Cassio
546 1629 725 1725 abrogata
758 1626 946 1724 plebiscito
972 1626 1038 1723 ipsi
1069 1626 1286 1715 obvenisset,
1320 1626 1355 1698 in

179 1754 307 1827 Asiam
334 1754 514 1849 proiectus
542 1768 621 1825 erat
646 1778 691 1825 eo
719 1749 877 1839 consili0,
907 1765 945 1821 ut
968 1750 1096 1821 Cassio
1125 1749 1268 1823 devicto
1295 1776 1355 1823 ex·

180 1876 400 1974 peditionem
428 1876 625 1972 susciperet
653 1875 687 1947 in
707 1874 860 1947 Parthos
881 1872 1052 1969 (Appian.
1074 1872 1113 1944 ss.
1131 1873 1172 1960 C,
1189 1873 1231 1943 Ill
1251 1892 1283 1964 7,
1301 1876 1352 1967 8.)

179 2027 288 2101 quarn
316 2002 388 2074 iam
416 2002 553 2073 Caesar
577 2016 741 2073 extremo
768 1999 866 2072 vitae
889 2013 1053 2093 ternpore
1070 1998 1231 2092 impense
1255 2022 1356 2092 para-

179 2142 290 2199 verat.
331 2126 413 2223 Hoc
437 2123 633 2222 periculum
656 2139 695 2197 ut
719 2149 741 2196 a
768 2148 808 2196 se
834 2136 1048 2210 averterent,
1076 2120 1196 2193 Parthi
1228 2120 1356 2192 Cassio

181 2248 343 2346 opitulati
378 2264 459 2321 sunt
491 2250 526 2321 in
552 2244 659 2335 bello,
698 2246 797 2343 quod
826 2246 916 2318 inter
943 2271 1025 2318 eum
1053 2259 1091 2317 et
1127 2241 1356 2317 Dolabellam

181 2373 228 2445 de
257 2373 363 2468 Syria
390 2372 573 2467 provincia
598 2371 741 2443 exarsit.
773 2369 848 2442 Dio
867 2388 929 2460 47,
949 2392 1017 2461 30:
1046 2385 1148 2444 ἄλλοι
1172 2406 1209 2445 τε
1226 2389 1289 2462 γὰρ
1306 2391 1354 2460 τῷ

182 2518 321 2589 Κασσίῳ
338 2514 395 2569 καὶ
413 2506 552 2586 Πάρθοι
569 2511 658 2582 τινες
675 2507 879 2583 ἐβοήθησαν.
893 2492 1064 2589 Appiam.
1079 2493 1118 2565 Β.
1137 2493 1178 2565 C.
1197 2493 1256 2566 IV.
1287 2514 1353 2584 59:

180 2646 237 2699 καὶ
255 2638 348 2715 αὐτῷ
372 2618 464 2717 (scil.
486 2642 535 2713 τῷ
553 2624 705 2716 Κασσίῳ)
728 2659 815 2711 τινες
832 2640 889 2696 καὶ
909 2640 1121 2713 Παρθυαίων
1138 2635 1356 2708 ἱπποτοξόται

180 2758 405 2828 συνεμάχουν,
427 2756 530 2827 δόξαν
547 2750 660 2826 ἔχοντι
677 2754 768 2828 παρὰ
787 2762 859 2825 τοῖς
875 2755 1102 2827 Παρθυαίοις,
1111 2750 1147 2825 ἐξ
1156 2739 1198 2810 οὗ
1208 2756 1355 2828 Κράσσῳ
1413 2757 1416 2761 ’

180 2889 352 2959 ταμιεύων
377 2886 646 2963 ἐμφρονέστερος
663 2882 838 2957 ἕδοξετοῦ
857 2885 1019 2960 Κράσσου
1035 2884 1207 2955 γενέσθαι.
1247 2866 1356 2940 Dola-

180 2992 276 3066 bella
298 2976 394 3066 'vero
421 3008 591 3089 superato
617 3007 654 3065 et
682 2992 868 3063 interfecto
896 2990 1026 3085 copiae
1049 2989 1264 3061 Parthorum
1284 3015 1356 3063 am-

98 3204 99 3207 *
182 3112 248 3211 plis
277 3116 484 3188 muneribus
509 3115 623 3188 ornati
651 3100 800 3186 domum
814 3128 1046 3200 reverterunt,
1076 3112 1190 3209 iisque
1210 3113 1355 3186 Cassius

182 3238 229 3311 ad
266 3264 375 3334 opem
401 3239 573 3311 adversus
599 3236 837 3309 Octavianum
870 3251 907 3309 et
935 3236 1131 3308 Antonium
1158 3238 1356 3333 petendam

180 3360 400 3459 legationem
438 3360 606 3447 adiunxit,
644 3360 741 3432 cuius
775 3360 972 3455 principem
1009 3356 1127 3457 locum
1168 3362 1357 3435 obtinebat

180 3485 226 3558 T.
256 3484 448 3571 Labienus,
476 3481 566 3555 filius
594 3483 639 3555 T.
663 3483 823 3572 Labieni,
852 3482 1026 3579 praeclari
1046 3485 1080 3556 in
1099 3482 1194 3557 bello
1215 3482 1353 3557 Gallico

181 3608 347 3681 Caesaris
383 3605 505 3706 legati.
543 3606 687 3680 Orodes
724 3623 846 3691 autem
880 3607 1080 3680 Labienum
1112 3608 1262 3680 detinuit
1288 3635 1354 3682 nec

180 3732 369 3830 quicquam
394 3729 513 3804 auxilii
533 3731 675 3804 mittere
689 3756 796 3805 ausus
810 3746 876 3803 est.
898 3731 952 3803 Cf.
975 3731 1073 3827 App.
1090 3731 1128 3804 Β.
1147 3733 1188 3806 C.
1205 3733 1265 3805 lV.
1285 3740 1307 3804 6
1313 3756 1352 3825 33

181 3855 254 3927 Dio
281 3860 343 3946 48,
378 3878 435 3945 24.
472 3859 505 3950 1.)
534 3926 536 3928 ,

233 3980 271 4052 ln
296 3980 336 4052 iis
360 4004 453 4077 quae
480 3979 589 4052 tradit
615 3980 765 4051 lustinus
793 3980 841 4052 de
859 3980 1009 4052 Labieni
1033 3995 1070 4053 et
1087 3981 1213 4053 Pacori
1244 3982 1353 4054 incur-

179 4103 279 4176 sione
307 4103 342 4175 in
370 4102 513 4199 Syriam
541 4102 635 4175 sacta
662 4118 699 4175 et
726 4103 774 4175 de
793 4102 952 4175 Ventidii
966 4104 1122 4178 victoriis
1136 4104 1219 4178 nihil
1232 4106 1349 4195 docet,

179 4228 263 4326 quin
291 4252 312 4300 a
340 4228 468 4301 ceteris
496 4228 699 4326 auctoribus
725 4227 904 4322 copiosius
932 4227 980 4300 sit
1006 4230 1221 4325 expositum.
1323 4238 1326 4242 ’

174 4449 178 4456 “
208 4455 240 4515 ·1)
259 4453 317 4517 Ipse
345 4452 393 4501 sibi
413 4451 559 4517 obloquitur
580 4450 721 4515 Appianus,
750 4449 792 4513 qui
821 4450 851 4497 B.
871 4450 899 4499 C.
920 4450 966 4509 IV,
997 4450 1030 4499 88
1050 4451 1076 4499 in
1094 4451 1175 4515 copiis
1193 4451 1351 4500 recensendis

179 4556 242 4605 quae
256 4541 334 4589 Bruto
351 4548 375 4589 et
394 4540 481 4615 Cassio
500 4539 526 4587 in
541 4539 641 4603 proelio
661 4538 817 4603 Philippensi
828 4546 938 4603 'praesto
954 4546 1036 4599 erant,
1055 4540 1159 4588 Parthos
1177 4554 1278 4604 quoque
1293 4554 1350 4587 enu-

178 4637 263 4679 merat.
301 4630 447 4677 Plutarchus
471 4636 495 4678 et
513 4628 565 4675 Dio
585 4626 617 4675 de
636 4627 674 4675 his
692 4626 790 4675 auxiliis
811 4626 892 4676 silent.
