3292 5259
774 313 812 386 83

200 501 238 558 et
278 485 447 579 integras,
492 505 586 579 quae
626 481 693 554 etsi
734 481 843 554 rebus
873 478 1021 576 placidis
1047 496 1084 554 et
1109 479 1303 579 tranquillis
1328 498 1384 558 sat

200 605 360 680 validum
399 606 610 680 exhiberent
644 605 875 702 praesidium,
919 620 1038 678 tamen
1075 628 1146 678 non
1171 605 1248 678 sine
1275 632 1384 682 causa

202 731 368 804 Ciceroni
393 731 561 803 timorem
588 730 789 811 iniciebant,
817 755 863 802 ne
892 729 1047 826 impares
1073 745 1194 802 essent
1221 731 1268 804 ad
1283 755 1382 828 mag-

202 881 287 929 nam
312 853 394 928 belii
422 854 573 928 Parthici
599 854 922 951 exspectationem,
954 853 988 926 in
1014 853 1196 950 provincia
1223 879 1383 951 praeser-

201 981 277 1066 tim,
308 1005 401 1077 quae
427 995 576 1076 propter
603 979 838 1052 acerbitatem
865 979 1111 1052 Romanorum
1142 979 1279 1075 imperii
1298 977 1382 1052 mul·
1466 979 1474 988 ’

202 1120 262 1178 tos
298 1104 448 1177 haberet
484 1103 634 1199 cupidos
662 1128 781 1176 rerum
809 1127 993 1175 novarum.
1052 1101 1155 1199 Opus
1180 1118 1260 1180 erat
1282 1129 1382 1199 prae·

203 1229 296 1301 sidio
324 1228 516 1316 validiore,
547 1228 582 1300 id
608 1253 655 1301 ex
682 1224 804 1300 Cilicia
833 1226 975 1324 Appius
1004 1223 1173 1299 Claudius
1191 1225 1382 1323 proconsul

205 1369 379 1441 suaserat,
423 1353 459 1425 id
497 1378 624 1426 omnes
666 1353 862 1425 censebant
901 1365 1099 1437 senatores
1130 1394 1180 1404 -
1209 1365 1379 1438 attamen,

206 1475 317 1574 quum
356 1477 485 1550 Cicero
526 1491 563 1549 et
599 1474 755 1564 Bibulus,
800 1491 995 1573 antequam
1037 1498 1084 1548 ex
1113 1476 1201 1548 urbe
1230 1475 1379 1562 abirent,

206 1616 359 1697 agerent
387 1627 468 1673 cum
495 1618 634 1690 senatu,
665 1617 704 1673 ut
728 1601 763 1673 in
790 1598 892 1674 ltalia
920 1597 1210 1696 supplementum
1236 1596 1382 1696 legioni-

206 1728 274 1798 bus
315 1726 539 1814 scriberetur,
583 1724 760 1822 Sulpicius
788 1722 911 1798 consul
945 1724 1014 1798 hoc
1042 1750 1082 1797 se
1110 1749 1296 1820 passurum
1325 1750 1382 1797 ne-

208 1849 319 1946 gavit,
349 1848 446 1922 haud
474 1849 581 1922 dubie
609 1850 708 1947 quod
736 1847 873 1922 ltaliam
900 1848 1081 1944 praesidio
1109 1847 1246 1920 nudare
1274 1843 1384 1920 nollet

207 1974 278 2046 iam
321 1973 550 2070 impendente
587 1970 683 2046 bello
725 1971 835 2062 civili,
878 1989 914 2046 et
950 1988 1069 2044 tantus
1097 1971 1160 2044 [uit
1187 1991 1382 2045 consensus

205 2113 363 2181 senatus,
407 2111 446 2168 ut
479 2111 619 2170 mature
646 2093 881 2193 proconsules
908 2095 1228 2193 proficiscerentur,
1258 2121 1382 2194 paren-

207 2221 293 2292 dum
322 2236 360 2292 ut
388 2221 500 2293 suerit.
538 2224 571 2317 1)
631 2222 742 2316 Quod
769 2247 859 2295 vero
886 2238 1033 2296 senatus
1061 2223 1247 2311 concessit,
1278 2237 1317 2295 ut
1349 2223 1383 2294 in

208 2346 298 2418 Asia
340 2343 490 2418 dilectus
530 2345 735 2427 haberetur,
776 2346 812 2418 id
854 2346 1001 2444 quidem
1036 2347 1278 2420 adiumentum
1308 2362 1382 2418 tam

206 2470 286 2545 leve
315 2487 392 2543 erat
419 2487 456 2544 et
484 2468 592 2557 sutile,
623 2486 662 2542 ut
689 2468 833 2543 Bibulus
862 2497 907 2544 eo
935 2471 985 2543 uti
1013 2469 1174 2544 noluerit.
1210 2473 1245 2567 2)
1284 2469 1381 2564 Quid

207 2597 334 2668 mirum
373 2595 491 2692 igitur,
519 2595 549 2668 si
578 2595 707 2668 Cicero
733 2595 892 2667 animum
917 2595 1041 2669 habuit
1068 2596 1115 2668 de
1143 2594 1307 2668 Parthica
1335 2595 1381 2666 in-

206 2721 370 2793 cursione
397 2744 534 2817 magno
562 2744 675 2815 opere
702 2718 910 2792 sollicitum?
942 2723 978 2817 3)
1024 2720 1189 2794 Accessit
1216 2720 1313 2818 quod
1335 2721 1383 2792 ob

204 2844 372 2941 stipendii
399 2847 437 2941 4)
483 2844 736 2917 intermissam·
761 2841 976 2916 solutionem
1015 2843 1164 2918 militum
1197 2845 1383 2917 exstiterat

205 2969 346 3056 seditio
391 2994 484 3066 quae
530 2993 751 3066 quamquam
793 2983 877 3040 ante
906 2967 1089 3041 Ciceronis
1113 2967 1307 3040 adventum
1336 2968 1396 3040 ab.

205 3092 330 3189 Appio
372 3089 524 3166 Claudio
565 3109 644 3166 erat
680 3091 892 3188 composita,
923 3091 1104 3179 effecerat,
1140 3106 1179 3164 ut
1206 3091 1382 3165 exercitus

206 3294 297 3343 clamat
323 3285 348 3342 hi
368 3292 477 3358 epistola
496 3291 527 3340 ad
547 3290 659 3339 Atticum
677 3289 721 3355 (V.
744 3300 783 3352 15.
809 3295 858 3351 1.):
879 3306 952 3349 „cnm
971 3290 1106 3340 exercitum
1125 3300 1209 3340 noster
1226 3292 1321 3340 anticus
1339 3294 1382 3340 ha-

206 3385 262 3432 beat
278 3393 387 3442 tantum,
404 3398 455 3432 me
474 3395 603 3429 nomen
624 3378 762 3427 habere
780 3378 933 3428 duarum
953 3379 1181 3444 legionum?”
1202 3379 1381 3428 Conferetiam

207 3473 285 3521 Caelii
307 3471 441 3537 epistolam
460 3469 493 3519 ad
514 3469 662 3518 Ciceronem
685 3465 730 3537 (ad
751 3469 820 3516 Fam.
841 3468 916 3516 VIII.
928 3478 951 3532 5.
972 3471 1020 3528 1.):
1037 3466 1383 3532 „tuusporroexem'tusuir

205 3543 398 3610 unum'sattum
416 3558 486 3608 tueri
494 3566 583 3623 potest.
607 3557 683 3606 Hanc
700 3564 784 3604 autent
801 3573 873 3605 nemo
891 3557 960 3605 ducit
978 3555 1108 3614 rationem,
1126 3555 1171 3604 scd
1185 3553 1269 3604 omnia
1293 3554 1382 3603 deside-

207 3659 303 3698 rantur
331 3650 362 3698 ab
389 3665 416 3697 eo
449 3675 472 3685 -
506 3656 636 3710 tamquam
657 3645 890 3710 nilu'lderugatum
908 3645 988 3708 sirei,
1008 3644 1142 3709 quantinus
1160 3659 1236 3708 qnam
1247 3643 1380 3707 paratissi·

207 3754 262 3786 mus
280 3747 339 3787 esset
362 3764 400 3796 -‚
419 3735 465 3801 qui
475 3735 576 3800 publico
594 3734 689 3798 negatio
701 3734 864 3798 praepositus
882 3735 942 3782 est.”

246 3830 268 3888 ι)
287 3827 325 3875 Cf.
344 3826 384 3875 ad.
406 3826 476 3873 Fam.
496 3824 547 3883 III,
567 3836 591 3886 3.

244 3914 271 3977 2)
289 3915 327 3964 CI.
347 3915 380 3964 ad
399 3915 469 3962 Fam.
490 3913 546 3971 XV,
569 3926 591 3961 1.
612 3923 636 3976 5.
657 3911 796 3970 ,pariorum
815 3911 917 3960 auxilia
929 3918 1038 3975 propnr
1056 3910 1215 3960 acerbitatem
1234 3911 1383 3976 atqueiniu-

208 4003 262 4052 rias
289 4002 392 4067 inperii
419 4000 501 4050 nostri
526 4009 574 4049 aut
590 4000 626 4048 ita
646 3999 769 4049 imbecilla
788 4009 854 4058 sunt,
874 4007 904 4048 nt
921 4015 970 4048 uon
989 4000 1098 4048 multum
1116 4015 1159 4048 uos
1177 3999 1268 4048 iuvare
1277 4000 1382 4065 possint,

207 4100 254 4139 aut
270 4091 306 4139 ita
325 4091 438 4140 alienata
457 4107 474 4139 a
492 4089 569 4147 uobis,
588 4097 619 4137 ut
635 4105 714 4153 neque
731 4089 922 4153 exspectandum
941 4089 972 4136 ab
991 4088 1022 4137 iis
1040 4104 1118 4152 neque
1136 4088 1335 4138 committendum
1353 4089 1383 4136 iis

206 4180 340 4244 quuquam
359 4195 408 4228 esse
426 4178 553 4228 videatur.

243 4274 269 4332 3)
287 4271 341 4319 Iam
361 4270 386 4318 in
405 4268 491 4317 medio
510 4268 598 4317 itinere
616 4267 680 4317 inter
705 4267 808 4316 Actium
828 4275 852 4316 et
871 4267 985 4316 Athenas
1004 4266 1102 4331 scripsit
1120 4266 1152 4315 ad
1163 4266 1383 4323 Atticum:‚‚Par·

206 4359 266 4407 thus
282 4358 357 4406 aelim
375 4357 484 4422 quiescat
502 4364 527 4404 et
536 4358 651 4423 fortuna
671 4372 715 4405 nas
733 4356 822 4411 iuuet,·
841 4363 928 4404 nostra
938 4351 1154 4419 praestabimus.'’

243 4444 273 4511 4)
291 4448 367 4497 Hanc
394 4446 526 4496 seditionis
551 4444 628 4494 fuisse
659 4460 761 4492 causam
787 4443 899 4492 conicias
924 4459 955 4493 ex
974 4442 1104 4492 Ciceronis
1121 4441 1212 4499 verbis,
1230 4440 1262 4489 ad
1280 4443 1332 4491 Att.
1351 4441 1383 4491 V.

210 4551 251 4598 14.
274 4550 313 4596 1,:
335 4535 437 4594 ,arditio
455 4533 566 4583 militnm
585 4532 671 4581 sedata
688 4533 719 4580 ab
737 4533 819 4598 Appio
836 4531 1035 4596 stipendiumque
1051 4529 1216 4594 eisnsquead
1222 4529 1283 4577 Idus
1295 4529 1384 4590 Quinc-

205 4625 262 4678 tiles
271 4624 458 4689 persolutunt”.
