3292 5259
837 259 930 380 ,76'

301 475 346 549 in*
364 492 500 550 sortem
528 475 701 563 venirent,
733 475 863 573 quibus
892 500 914 547 a
936 475 1150 571 magistratu
1165 489 1273 571 gesto
1294 471 1482 570 plurimum

226 677 231 684 ,
299 600 544 698 praeteriisset
584 599 767 694 temporis.
805 595 943 671 Nullius
980 598 1089 695 igitur
1116 598 1207 671 ratio
1236 598 1333 695 prius
1360 598 1481 672 habita

299 739 357 797 est
399 750 508 823 quam
549 723 598 795 M.
636 720 742 794 Tullii
782 722 976 812 Ciceronis,
1021 723 1081 823 qui
1119 748 1200 794 cum
1228 749 1275 796 ex
1300 739 1478 820 praetura,

298 865 377 920 tum
412 873 460 922 ex
487 845 674 922 consulatu
699 847 890 920 mansisset
918 847 953 918 in
978 847 1077 935 urbe,
1108 862 1146 920 et
1172 863 1294 921 aetate
1325 849 1481 922 maxime

299 989 399 1048 esset
433 987 624 1071 provectus
653 996 789 1057 eorum,
830 971 891 1068 qui
928 971 1016 1044 citra
1048 996 1179 1044 annum
1211 972 1480 1068 sexagesimum

299 1098 432 1171 —hic
460 1097 556 1170 enim
581 1120 694 1169 annus
721 1094 883 1180 habebat
910 1095 1040 1168 aetatis
1069 1095 1296 1169 vacationem
1324 1142 1375 1152 -
1397 1122 1478 1170 non-

297 1222 386 1294 dum
414 1222 677 1318 gubernassent
702 1219 923 1315 provinciam
948 1222 995 1315 1).
1027 1220 1191 1296 Duarum
1219 1221 1480 1316 provinciarum

297 1345 548 1432 consularium,
580 1368 673 1442 quae
702 1343 737 1414 in
764 1358 901 1416 sortem
929 1344 1113 1448 coniectae
1141 1359 1232 1434 sunt,
1269 1331 1378 1440 Syria
1400 1371 1480 1418 eve·

233 1465 236 1476 ’
298 1471 350 1543 nit
389 1470 438 1542 M.
484 1467 678 1564 Calpurnio
720 1465 857 1554 Bibulo,
903 1466 1027 1541 Cilicia
1066 1469 1115 1541 M.
1156 1466 1276 1542 Tullio
1302 1469 1476 1543 Ciceroni.

299 1596 437 1667 Contra
475 1592 596 1690 legem
629 1589 834 1665 Corneliam
866 1608 1012 1666 senatus
1040 1594 1142 1666 novis
1170 1594 1371 1668 tectoribus
1400 1621 1479 1667 con-

298 1718 417 1805 cessit,
458 1733 496 1790 ut
533 1742 651 1791 annuo
685 1716 804 1812 spatio
846 1717 1011 1791 consecto
1046 1717 1167 1791 statim
1208 1719 1254 1791 de
1296 1719 1479 1815 provincia

298 1835 530 1930 decederent,
578 1841 778 1913 dummodo
819 1841 1037 1937 quempiam,
1082 1841 1141 1938 qui
1174 1858 1372 1938 praeesset,
1405 1841 1478 1916 reli·

296 1967 460 2065 quissent
487 1962 540 2061 a).
570 1966 699 2039 Cicero
728 1965 887 2062 quidem,
918 1989 1139 2063 quamquam
1164 1990 1311 2061 semper
1340 1982 1378 2040 et
1410 1968 1479 2040 ubi-

297 2117 371 2190 que
412 2090 617 2187 provinciae
658 2086 842 2161 molestias
881 2089 1113 2162 acerbissimo
1147 2090 1232 2163 odio
1260 2106 1338 2163 erat
1362 2117 1479 2187 perse-

298 2231 412 2300 cutus,
452 2210 760 2311 senatusconsulto
795 2212 1122 2309 obtemperandum
1150 2239 1231 2287 esse
1257 2214 1370 2304 duxit,
1405 2216 1479 2288 sive

302 2339 338 2411 id
379 2338 471 2425 lecit,
513 2353 552 2410 ut
593 2338 670 2434 ipse
703 2335 831 2409 alicubi
864 2335 1032 2425 declarat,
1079 2354 1197 2412 motus
1235 2340 1360 2414 debita
1393 2366 1479 2438 erga

298 2479 465 2537 senatum
491 2461 701 2549 reverentia,
741 2465 779 2558 3)
813 2461 889 2534 sive
918 2462 1017 2560 quod
1054 2463 1169 2558 probe
1196 2461 1421 2562 intelligeret,
1451 2465 1479 2536 si

300 2589 379 2684 ipse
421 2586 607 2660 recusandi
642 2585 870 2681 praebuisset
912 2586 1147 2685 exemplum,
1167 2588 1363 2684 periculum
1392 2589 1476 2678 sore,

299 2737 347 2785 ne
382 2736 454 2784 non
491 2710 538 2782 ad
576 2734 762 2782 numerum
797 2726 1032 2806 suppeterent
1067 2711 1148 2800 viri,
1193 2712 1253 2809 qui
1290 2700 1478 2809 provinciis

298 2834 595 2934 praeficerentur,
639 2834 714 2907 sive
754 2835 853 2932 quod
894 2835 1093 2908 secundum
1139 2852 1346 2934 praecepta,
1387 2863 1478 2936 quae

303 2961 449 3034 sratrem
482 2985 586 3031 suum
621 2967 809 3032 monue'rat
843 2961 895 3054 4),
937 2958 1141 3054 provinciae
1169 2975 1268 3032 recte
1295 2976 1333 3034 et
1372 2962 1477 3035 conti·

299 3101 428 3157 nenter
470 3083 773 3160 administrandae
816 3081 918 3180 qua'si
965 3082 1152 3180 exemplar
1187 3110 1394 3180 proponere
1443 3103 1479 3158 et

301 3208 501 3305 relinquere
529 3204 647 3295 vellet,
677 3233 742 3280 seu
771 3209 870 3306 quod
889 3232 1045 3306 magnae
1064 3232 1151 3281 suae
1161 3206 1299 3304 gloriae
1314 3209 1478 3305 triumphi

346 3467 367 3523 Ι)
395 3464 494 3528 Zumpt,
523 3463 690 3511 Commentat.
721 3462 862 3526 Epigraph.
881 3462 932 3512 vol.
952 3459 983 3521 ll,
1003 3479 1059 3528 pag.
1082 3475 1149 3528 205:
1170 3466 1226 3523 „Ex
1246 3483 1299 3518 cos.
1318 3467 1378 3514 anni
1398 3467 1431 3527 64
1450 3466 1476 3519 C.

307 3553 401 3601 Marius
421 3552 525 3616 Figulus
545 3553 603 3614 hoc,
623 3550 648 3598 in
668 3566 728 3619 quo·
739 3565 874 3608 versamur,
894 3557 1008 3615 tempore
1028 3552 1175 3602 decesserat.
1197 3554 1261 3618 (Cic.
1282 3555 1314 3603 de
1333 3555 1382 3620 leg.
1393 3553 1425 3613 Il,
1437 3564 1476 3617 25,

302 3641 356 3701 62).
386 3627 516 3693 L.'Iulius
537 3640 629 3688 Caesar
648 3639 748 3688 vivebat
766 3639 810 3688 ille
830 3639 933 3704 quidem
953 3640 1015 3699 (Cic,
1036 3642 1100 3692 Phil.
1122 3643 1157 3702 11,
1178 3643 1214 3708 6),
1235 3645 1294 3693 item
1314 3645 1343 3698 Ι»,
1363 3644 1478 3694 Aurelius

302 3730 389 3787 Cotta,
415 3744 466 3776 cos.
487 3729 547 3777 anni
567 3727 598 3791 65
617 3727 683 3789 (cic.
704 3728 737 3776 ad
757 3729 827 3779 Fam.
848 3729 916 3787 XII,
937 3741 961 3788 2,
981 3731 1018 3792 3),
1038 3730 1083 3780 sed
1103 3739 1207 3797 uterque
1227 3749 1257 3782 ea
1275 3740 1355 3782 aetate
1374 3740 1433 3791 erat,
1453 3739 1477 3780 ut

305 3817 387 3866 otium
417 3816 484 3864 urbis
512 3815 654 3880 praeferret.
683 3813 769 3880 Itaque
797 3824 864 3865 recte
892 3817 1006 3866 videmur
1034 3819 1124 3879 facere,
1152 3821 1173 3870 si
1201 3822 1336 3881 neminem,
1363 3823 1405 3889 qui
1424 3828 1478 3870 ante

303 3907 456 3954 Ciceronem
483 3912 592 3967 gesserat
617 3905 784 3964 consulatum,
803 3905 836 3952 ad
856 3905 998 3969 provincias
1018 3915 1076 3957 tunc
1095 3909 1232 3958 admissum
1253 3926 1306 3960 esse
1325 3911 1478 3961 statuimus.”

343 3991 371 4057 2)
393 3992 426 4040 ad
454 3993 505 4063 Ast·
535 3991 581 4051 VI,
610 4008 652 4054 4.:
683 3992 890 4056 „Relinquendus
914 4002 971 4041 erat
987 4011 1019 4042 ex
1037 4000 1253 4059 senatusconsulto,
1273 4001 1319 4064 qui
1329 3997 1477 4064 praeesset.”

306 4081 402 4138 Ambo,
431 4088 454 4128 et
485 4079 589 4130 Bibulus
617 4090 641 4130 et
670 4081 769 4140 Cicem,
798 4082 864 4130 hanc
883 4083 1074 4133 concessionem
1093 4085 1119 4134 in
1138 4102 1190 4135 rem
1209 4105 1279 4137 suam
1298 4095 1469 4139 converterunt

306 4169 406 4226 Cicero,
435 4175 461 4216 ut
484 4183 595 4216 annuum
625 4174 722 4233 tempus
753 4170 883 4218 emeritum
911 4171 1006 4230 habuit,
1035 4174 1117 4222 statim
1147 4177 1257 4226 Romam
1287 4180 1385 4228 revertit
1412 4195 1434 4230 a.
1453 4177 1477 4228 d.

308 4259 346 4306 Ill
367 4259 435 4307 Non.
457 4257 524 4308 Sext.
546 4258 587 4319 (ad
609 4258 678 4305 Fam.
699 4257 745 4310 111.
768 4262 809 4320 12)
830 4268 854 4306 et
875 4259 967 4307 eodem
986 4275 1053 4307 anno
1075 4240 1189 4322 Bibulus,
1209 4263 1253 4314 sed
1272 4266 1400 4331 aliquanto
1415 4273 1477 4330 post,

307 4348 380 4410 quod
409 4356 433 4396 et
462 4347 556 4396 tardius
585 4346 610 4394 in
638 4331 794 4411 provinciam
813 4356 967 4411 pervenerat.
988 4347 1025 4399 Cf.
1046 4350 1078 4398 ad
1098 4352 1152 4404 nrt,
1173 4353 1230 4401 Vll.
1251 4367 1289 4416 3,:
1310 4355 1433 4413 „Bibulus
1451 4353 1478 4400 de

299 4435 438 4499 provincia
457 4435 561 4494 decessit,
589 4434 742 4482 Veientonem
754 4435 888 4500 pracfecit.

346 4523 372 4585 3)
392 4523 430 4578 Cs.
450 4524 572 4576 ad‘Fam.
593 4524 650 4573 XV.
670 4538 695 4584 4,
719 4536 757 4585 13.

345 4610 374 4680 4)
394 4611 431 4660 Cs.
452 4613 484 4661 ad
504 4612 553 4674 Qu,
573 4611 602 4665 sr.
623 4612 644 4669 Ι,
667 4625 689 4664 1.
