3292 5259
750 414 753 418 ,
787 372 839 409 102

204 507 635 618 mcemltmNon
680 521 826 619 quidem
873 521 1080 617 negandum
1127 536 1183 592 est
1223 517 1398 615 placuisse

227 648 340 722 ordini
386 645 625 747 amplissimo,
671 660 710 717 ut
753 645 891 718 Caesar
933 659 971 716 et
1010 643 1203 739 Pompeius
1241 642 1399 740 singulas

227 775 377 870 quisque
421 770 584 867 legiones
610 770 657 843 ad
682 767 815 842 bellum
842 768 1044 842 Parthicum
1072 770 1255 841 mitterent
1280 769 1314 839 in
1333 767 1398 862 Sy-

227 900 326 986 riam,
364 923 489 970 verum
529 896 598 969 hoc
630 895 778 968 decreto
807 895 924 990 magis
951 893 986 964 id
1015 894 1202 990 agebatur,
1233 907 1272 964 ut
1309 892 1398 964 Cae·

226 1023 314 1095 saris
357 1021 519 1119 potentia
560 1034 728 1115 caperet·
748 1019 1012 1104 detrimentum,
1048 1043 1157 1114 quam
1189 1034 1227 1089 ut
1255 1014 1399 1090 Bibulus

226 1114 397 1233 haberet,
447 1143 542 1215 unde
591 1143 768 1215 exercitus
802 1139 1038 1238 suppleretur.
1103 1141 1201 1214 Nota
1247 1167 1304 1214 res
1343 1157 1399 1214 est

226 1269 437 1365 Pompeium
470 1266 815 1341 senatusconsultum
842 1269 877 1340 in
904 1295 1007 1340 usum
1035 1295 1139 1342 suum
1167 1268 1395 1356 convertisse,

226 1409 263 1466 et
304 1418 381 1465 rem
419 1419 466 1464 eo
504 1392 709 1480 deduxisse,
750 1409 789 1465 ut
828 1392 894 1464 sibi
930 1391 976 1464 nil
1011 1393 1213 1491 quicquam,
1251 1393 1398 1466 Caesari

226 1518 319 1590 duae
347 1516 511 1614 legiones
536 1517 819 1589 detraherentur.
858 1521 888 1613 ι)
921 1517 1226 1615 Quandoquidem
1249 1532 1398 1614 propter

226 1641 410 1714 continuas
428 1618 609 1713 Curionis
643 1641 916 1714 intercessiones
958 1639 1040 1714 nihil
1070 1641 1156 1713 dum
1183 1641 1230 1714 de
1259 1641 1398 1737 provin-

226 1766 287 1838 ciis
329 1763 571 1838 consularibus
615 1781 693 1838 erat
730 1767 964 1838 constitutum
1001 1774 1117 1862 neque
1161 1766 1267 1864 igitur
1307 1765 1399 1861 quis·

227 1916 336 1987 quam
369 1889 505 1979 aderat,
545 1890 604 1988 qui
645 1889 758 1962 Bibuli
804 1916 989 1964 successor
1013 1916 1094 1963 cum
1120 1890 1173 1963 his
1198 1889 1399 1986 legionibus
1438 1871 1441 1877 ⁵

227 2016 261 2087 in
294 2015 445 2088 Parthos
480 2015 693 2103 mitteretur,
729 2014 849 2086 Mario
885 2015 1068 2112 quaestori
1108 2041 1192 2088 cura
1227 2015 1398 2088 mandata

132 2143 134 2147 ’
228 2154 293 2227 est,
333 2154 372 2211 ut
408 2163 471 2212 eas
508 2139 542 2210 in
575 2139 718 2234 Syriam
746 2154 1017 2235 transportaret.
1047 2140 1217 2212 Ceterum
1246 2163 1400 2213 resnou

228 2289 273 2336 eo
316 2263 489 2360 pervenit.
533 2261 645 2336 Paulo
684 2279 769 2360 post
805 2265 947 2337 nuntius
986 2241 1144 2337 Romam
1177 2262 1303 2337 allatus
1342 2279 1397 2336 est

187 2386 191 2391 ’
227 2387 378 2461 Parthos
421 2388 612 2461 recessisse
645 2367 683 2460 et
715 2389 827 2460 otium
859 2414 940 2461 esse
966 2389 1000 2460 in
1029 2389 1143 2484 Syria,
1175 2415 1247 2486 quo
1276 2388 1398 2461 audito

227 2493 416 2586 Marcellus
453 2510 575 2586 consul
603 2511 764 2586 initalia
792 2538 855 2585 eas
883 2512 1025 2585 retineri
1051 2527 1089 2585 et
1109 2512 1283 2608 Pompeio
1303 2510 1394 2584 tradi

227 2637 335 2724 iussit,
366 2652 404 2709 ut
432 2652 557 2709 contra
580 2663 684 2710 suum
718 2635 977 2733 imperatorem
1006 2652 1285 2710 reservarentur.

281 2761 357 2833 Sed
384 2761 431 2833 ad
460 2761 672 2834 Ciceronem
699 2777 738 2833 ut
765 2761 925 2849 redeam,
947 2787 1072 2834 mense
1086 2762 1218 2834 Martio
1237 2761 1397 2860 quotidie

228 2911 274 2958 ex
303 2884 427 2959 litteris
456 2885 655 2982 nuntiisque
689 2884 862 2982 cognovit
890 2885 1034 2981 Syriam
1062 2884 1157 2958 bello
1186 2886 1323 2958 ardere,
1358 2889 1394 2979 2)

226 3010 350 3107 ltaque
390 3009 495 3082 sociis
523 3006 654 3081 auxilia
680 3007 870 3103 imperavit
895 3023 932 3080 et
960 3035 1041 3080 cum
1068 3009 1245 3088 Deiotaro
1274 3025 1399 3106 pactus

227 3147 292 3221 est,
331 3150 370 3205 ut
410 3159 491 3206 cum
532 3134 696 3206 omnibus
737 3133 809 3205 suis
848 3133 959 3228 copiis
997 3177 1047 3186 -
1083 3133 1242 3206 habebat
1279 3149 1401 3206 autem

227 3258 394 3329 cohortes
421 3258 739 3355 quadringenarias
764 3258 920 3355 triginta,
951 3259 1111 3354 equitum
1140 3257 1213 3329 duo
1241 3257 1336 3330 milia
1351 3300 1398 3311 —-

227 3381 274 3453 ad
307 3397 425 3454 castra
450 3381 598 3454 veniret.
632 3385 668 3477 3)
699 3383 780 3477 Ipse
808 3382 946 3454 circiter
970 3379 1052 3454 Kal.
1080 3381 1196 3454 Maias
1224 3380 1398 3478 proficisci

226 3506 260 3578 in
293 3507 453 3580 Ciliciam
494 3506 679 3603 cogitabat
716 3508 776 3601 4),
806 3505 969 3603 quamvis
995 3521 1117 3579 autem
1145 3504 1398 3602 gravissimum

266 3772 291 3841 1)
310 3774 347 3822 Cs.
377 3776 429 3822 Dio
458 3776 512 3824 XL.
543 3776 594 3838 653
622 3777 733 3841 Appian.
764 3776 965 3836 B.C,11.29;
987 3773 1397 3838 Plut.Caes.29;Pomp.⁴52;

227 3863 325 3922 Caesar,
344 3864 376 3912 de
395 3865 468 3912 Bello
487 3864 587 3912 Gallico
606 3865 681 3912 VIII.
702 3875 751 3926 543
772 3863 804 3911 de
823 3863 897 3911 Bello
917 3863 989 3911 Civili
1010 3863 1029 3910 I.
1049 3877 1074 3923 4.
1095 3861 1343 3910 senatusconsultum
1354 3859 1398 3907 cir-

226 3951 286 4000 citer
303 3966 415 3999 mensem
435 3952 539 4010 Maium,
557 3953 598 4000 vel
616 3952 701 4016 potIus
719 3952 850 4015 aliquanto
870 3960 935 4010 ante,
954 3951 1046 4000 factum
1067 3966 1120 3999 esse
1138 3950 1244 4002 videtur.
1265 3949 1365 3998 Etenim
1374 3963 1396 3997 a.

226 4040 251 4088 d.
280 4039 342 4087 XVI
372 4039 432 4091 Kal.
464 4039 533 4104 Sept.
559 4040 656 4098 Cicero,
681 4039 752 4088 Tarsi
771 4055 939 4099 commorans,
958 4040 1008 4087 iam
1029 4038 1185 4102 aliquamdiu
1207 4038 1336 4102 legionum
1355 4037 1397 4084 ad·
1447 4063 1450 4068 ·

225 4134 326 4176 ventum
346 4127 474 4190 cognitum
493 4128 609 4177 habebat.
630 4129 670 4175 Eo
689 4129 731 4176 die
749 4127 834 4176 scribit
853 4128 885 4176 ad
907 4128 1044 4176 Thermum
1064 4127 1140 4176 Asiae
1155 4136 1345 4191 propraetorem
1354 4126 1397 4188 (ad

227 4218 296 4269 Fam.
326 4217 358 4264 II.
394 4226 434 4276 17.
455 4221 506 4278 §.lt
531 4218 615 4284 „quod
629 4217 739 4280 quaerit,
758 4217 822 4280 quid
837 4216 972 4264 existimem
993 4217 1022 4263 a'e
1040 4216 1183 4278 legionibus,
1206 4232 1270 4278 qttae
1287 4217 1398 4263 decretae

224 4313 284 4352 sunt
304 4303 331 4352 iu
355 4303 466 4366 Syriam,
488 4314 563 4351 antea
583 4304 726 4352 dubitabam
742 4312 895 4352 venturaene
913 4312 1010 4360 essent‚·
1031 4319 1098 4351 nuru
1116 4303 1180 4351 nuti
1189 4319 1239 4351 nou
1248 4313 1283 4351 est
1292 4304 1395 4351 dubium

225 4392 295 4453 quin,
314 4391 337 4439 si
354 4399 428 4439 antea
449 4391 567 4439 auditum
586 4392 637 4439 erit
653 4392 730 4439 otium
750 4408 798 4439 esse
816 4391 843 4439 in
864 4391 948 4450 Sutia,
968 4399 1089 4439 uenturae
1109 4407 1160 4439 nou
1177 4391 1234 4438 sint.

263 4482 290 4547 2)
308 4481 341 4528 ad
361 4481 430 4529 Fam.
451 4480 523 4527 XIII.
544 4491 585 4542 57.

262 4571 290 4631 3)
311 4568 344 4616 ad
363 4570 415 4616 Att.
436 4566 481 4614 VI.
505 4579 526 4618 1.
550 4578 589 4627 14.

261 4658 286 4715 4)
304 4655 337 4703 ad
355 4656 425 4709 Fam,
441 4656 516 4702 XIII.
536 4667 577 4718 57.
