3292 5259
769 338 802 375 21

199 486 303 559 ritate
337 502 515 559 ornantur.
575 487 634 560 Sic
668 488 882 583 praesertim
916 488 950 558 in
977 485 1067 560 libro
1095 487 1178 560 XLI
1207 487 1373 563 nonnulla

200 607 368 705 leguntur
395 636 476 682 cum
504 611 550 683 de
580 612 748 699 moribus,
780 627 857 684 tum
885 612 932 684 de
960 612 1067 684 rebus
1095 613 1209 707 gestis
1227 612 1373 685 Partho-

200 758 276 804 rum
306 759 400 831 quae
428 759 498 806 non
519 732 662 807 aliunde
675 734 779 807 nobis
798 735 1035 808 innotuerunt.
1067 735 1226 828 Quume
1246 737 1373 809 ceteris

201 855 356 929 sontibus
384 882 455 929 non
483 858 548 929 nisi
563 873 685 953 partes
700 873 737 930 et
751 858 955 953 fragmenta
970 857 1139 944 historiae
1155 884 1373 956 cognoscun-

200 993 265 1067 tur,
296 976 391 1052 solus
423 979 573 1061 Iustinus
602 980 747 1053 exhibet
775 970 926 1053 brevem
953 1005 1050 1068 sane,
1072 996 1232 1054 attamen
1246 1007 1373 1078 perpe-

200 1117 297 1174 tuum
340 1119 572 1199 conspectum
614 1130 737 1176 eorum
778 1104 949 1177 historiae
990 1130 1111 1202 usque·
1145 1105 1192 1177 ad
1220 1130 1371 1201 regnum

200 1226 360 1299 Phraatis
388 1227 454 1316 IV3
484 1224 580 1299 solus
608 1228 764 1301 servavit
791 1228 1009 1323 cognomina
1036 1225 1282 1301 nonnullorum
1305 1229 1372 1300 Ar·

198 1350 410 1439 sacidarum,
448 1376 542 1448 quae
577 1376 712 1447 magno
739 1352 816 1423 usui
844 1352 985 1425 fuerunt
1011 1352 1059 1424 ad
1086 1377 1214 1448 regum
1242 1339 1372 1425 seriem

200 1498 312 1568 usquc
342 1472 389 1543 ad
417 1472 573 1569 Augusti
602 1488 759 1546 aetatem
788 1473 1084 1545 constituendam.
1252 1573 1254 1576 Ι

253 1595 487 1692 Quamquam
527 1596 634 1691 igitur
668 1597 812 1669 minime
847 1598 959 1669 omne
992 1611 1213 1668 momentum
1248 1612 1372 1670 nostro

201 1721 336 1792 auctori
364 1720 539 1808 abiudico,
571 1736 692 1793 tamen
721 1744 857 1815 magno
885 1745 997 1815 opere
1025 1718 1225 1826 cavendum
1244 1734 1309 1807 est,
1327 1744 1371 1791 ne

201 1843 419 1941 splendidius
447 1870 565 1941 aequo
594 1844 669 1916 eius
696 1841 821 1916 laudes
849 1844 1110 1940 praedicemus,
1141 1868 1233 1915 neve
1252 1867 1370 1918 exem-

89 1979 94 1989 '
198 1967 296 2065 plum
338 1968 516 2040 imitemur
543 1967 607 2039 viri
636 1963 829 2039 Clarissimi
857 1967 1013 2054 Heerem
1044 1967 1104 2064 qui
1132 1967 1166 2037 in
1193 1992 1373 2040 commen-

201 2093 336 2165 tatione
365 2091 411 2163 de
439 2091 556 2188 Trogi
588 2091 738 2186 Pompei
754 2083 756 2087 ’
772 2090 927 2163 fontibus
955 2106 992 2163 et
1010 2091 1223 2163 auctoritate
1242 2089 1371 2163 multus

201 2216 264 2288 luit
291 2200 325 2287 in
352 2216 484 2288 lustino
512 2212 675 2287 laudibus
703 2212 921 2302 extollendo
956 2231 994 2287 et
1021 2214 1186 2287 Parthica
1204 2214 1279 2287 eius
1293 2215 1371 2311 ipso
1454 2258 1461 2272 ·

106 2352 109 2359 ’
200 2364 288 2412 auro
327 2339 541 2435 pretiosiora
581 2364 662 2412 esse
703 2338 862 2435 profiteri
889 2363 960 2410 non
989 2337 1173 2410 dubitavit.
1211 2340 1243 2433 1)
1289 2340 1372 2411 Pro·

201 2464 293 2536 secto
331 2478 393 2558 aut
428 2461 622 2559 largiorem
650 2487 757 2560 quam
786 2477 956 2558 parerat
983 2462 1158 2535 honorem
1191 2462 1225 2534 ei
1252 2462 1372 2534 tribuit

200 2588 254 2660 vir
290 2584 553 2675 celeberrimus
593 2602 655 2660 aut
689 2586 986 2682 pretiosissimum
1024 2583 1205 2692 metallum
1242 2611 1370 2682 parum

126 2778 129 2784 .
201 2712 299 2809 apud
327 2708 422 2782 illum
450 2707 604 2783 valuisse
632 2709 861 2785 iudicandum
880 2726 945 2783 est.
969 2710 1064 2782 Nam
1079 2710 1109 2782 si
1123 2709 1371 2808 quaestionem

200 2836 303 2909 nobis
340 2834 573 2931 proponimus
608 2849 743 2930 quanta
780 2832 964 2929 diligentia
991 2859 1034 2906 ac
1061 2832 1132 2906 fide
1160 2833 1310 2905 Iustinus
1338 2834 1371 2904 in

200 2960 268 3032 hac
295 2974 398 3054 parte
426 2959 543 3055 Trogi
571 2960 690 3053 operis
724 2957 954 3055 excerpenda
972 2957 1076 3029 suerit
1092 2970 1266 3043 versatus
1288 2954 1373 3027 mul·

165 3086 167 3090 ’
203 3098 279 3155 tum
307 3082 353 3153 de
381 3082 533 3176 profusis
563 3081 636 3153 istis
664 3080 828 3153 laudibus
843 3079 1033 3152 detrahere
1048 3080 1221 3173 cogimur.
1253 3076 1372 3151 Facile

202 3204 296 3277 enim
325 3218 486 3298 apparet,
517 3202 626 3275 fidem
654 3228 777 3275 earum
805 3226 923 3273 rerum
952 3226 1042 3298 quas
1069 3198 1166 3274 solus
1194 3199 1250 3276 ille
1270 3203 1372 3275 nobis

202 3328 502 3415 commemorarit,
544 3326 740 3400 admodum
769 3324 944 3412 infirmari,
974 3324 1003 3395 si
1032 3324 1066 3395 in
1094 3324 1135 3396 iis
1162 3326 1373 3399 narrationis

202 3452 374 3548 partibus
411 3476 501 3548 quas
539 3476 620 3522 cum
648 3446 798 3522 aliorum
826 3463 1010 3521 auctorum
1039 3448 1251 3522 testimoniis
1279 3475 1373 3523 com-

201 3601 336 3671 ponere
374 3572 489 3661 liceat,
526 3573 721 3670 pessimam
755 3598 839 3646 eum
874 3572 1079 3645 adhibuisse
1116 3570 1374 3677 negligentiam
1444 3670 1448 3678 ἱ

202 3698 322 3771 solidis
351 3698 570 3796 argumentis
598 3696 883 3769 demonstratum
912 3695 1126 3769 dederimus.

258 3823 369 3917 Quod
401 3822 447 3894 ad
477 3820 605 3895 librum
641 3821 724 3893 XLI
750 3820 887 3907 attinet,
915 3819 963 3891 de
988 3819 1085 3891 cuius
1109 3818 1180 3891 fide
1207 3819 1375 3893 historica

205 3948 371 4023 iudicium
407 3946 499 4019 serre
533 3962 682 4042 propter
718 3942 869 4017 aliorum
901 3943 971 4016 fide
1002 3944 1194 4039 dignorum
1226 3943 1375 4016 sontium

203 4071 422 4168 paucitatem
450 4068 623 4141 difficilius
652 4083 716 4157 est,
746 4068 817 4140 iam
847 4067 1016 4162 Droysen
1045 4069 1080 4162 2)
1109 4063 1296 4139 nonnullos
1314 4066 1373 4139 de-

133 4241 138 4251 ·
205 4195 294 4268 texit
312 4219 463 4283 errores
492 4193 552 4291 qui
579 4192 711 4265 docent
737 4216 845 4288 quam
873 4190 1043 4287 impedite
1071 4206 1109 4263 et
1126 4187 1299 4286 perplexe
1318 4214 1375 4261 res

205 4317 417 4391 Parthorum
443 4340 465 4389 a
493 4315 625 4387 Iustino
651 4314 840 4409 expositae
867 4313 946 4385 sint.
978 4313 1118 4386 Eadem
1153 4313 1239 4384 vitia
1265 4311 1375 4383 etiam

203 4472 362 4482 ---———

244 4532 265 4590 1)
302 4528 369 4577 Vide
388 4527 486 4576 Comm.
510 4526 568 4575 Soc.
588 4526 652 4588 Reg.
672 4524 759 4573 scient.
779 4522 893 4587 Gotting.
912 4522 968 4569 XV.
989 4536 1046 4584 pag.
1068 4530 1127 4579 239.

242 4621 265 4678 2)
301 4616 451 4666 Geschichte
470 4615 515 4663 des
535 4613 716 4662 Hellenismus.
737 4612 773 4670 11,
793 4622 852 4673 331.
