3292 5259
879 341 918 393 44

362 492 540 581 Similiter,
572 508 656 589 post
683 490 832 565 multam
855 491 1054 563 orationem
1070 505 1320 585 consumptam
1336 490 1369 559 in
1388 487 1487 560 luctu

309 634 345 693 et
379 633 495 691 morte
527 616 661 690 Orodis
695 614 881 688 rhetoricis
907 611 1086 687 coloribus
1113 613 1355 711 depingenda,
1388 638 1486 709 quae

310 744 419 815 verba
436 741 551 813 'haud
579 740 655 813 scio
683 764 728 813 an
758 740 900 835 integra
925 764 970 812 ex
999 739 1129 833 Trogo
1149 737 1385 833 descripserit,
1403 762 1483 832 per-

307 867 430 963 paucis
459 862 612 939 absolvit
641 862 911 937 celeberrimam
939 887 1048 961 quam
1076 862 1255 935 Antonius
1276 861 1309 933 in
1330 861 1483 935 Parthos

309 988 465 1085 suscepit
490 988 769 1085 expeditionem.

361 1112 508 1185 Maioris
537 1112 710 1185 momenti
735 1128 817 1185 sunt
845 1138 939 1211 quae
964 1127 1160 1208 sequuntur
1181 1136 1294 1207 usque
1319 1109 1406 1205 λάξ
1435 1134 1482 1180 10

309 1236 444 1332 Capitis
481 1236 514 1307 V
552 1236 599 1310 de
632 1234 727 1309 bello
752 1234 843 1309 civili
872 1236 962 1309 inter
988 1234 1179 1309 Phraatem
1207 1248 1245 1307 et
1281 1233 1482 1306 Tiridatem

307 1376 398 1449 orto,
432 1386 526 1458 quae
561 1361 643 1456 quia
678 1360 806 1433 Dionis
840 1360 1030 1433 narrationi
1071 1359 1216 1431 minime
1255 1359 1478 1445 conveniunt,

307 1464 516 1557 accuratiori
536 1482 750 1577 inquisitioni
769 1483 1013 1557 submittenda
1030 1497 1122 1557 sunt.
1153 1482 1229 1555 Sed
1249 1507 1383 1579 operae
1402 1508 1480 1578 pre-

307 1608 394 1679 tium
420 1622 476 1679 est
499 1631 521 1678 a
549 1606 628 1701 ipsa
646 1606 851 1679 adscribere
870 1607 1085 1695 testimonia,
1106 1607 1136 1679 si
1151 1606 1242 1680 forte
1256 1624 1381 1678 eorum
1396 1632 1479 1678 con-

306 1730 465 1803 tentione
493 1728 626 1828 aliquid
657 1731 738 1803 huic
762 1748 979 1828 argumento
1005 1729 1091 1803 lucis
1119 1730 1322 1803 afferamus.
1355 1730 1479 1802 Haece

306 1852 458 1950 legimus
490 1854 588 1950 apud
614 1854 784 1927 Iustinum
812 1854 922 1944 XLII,
956 1877 996 1947 5:
1030 1856 1113 1944 Qua
1139 1857 1297 1940 ar’ctcria,
1334 1852 1480 1949 (scilicet

141 2018 144 2027 ·
179 2030 185 2041 ,
306 1979 352 2050 ab
394 1979 554 2052 Antonio
579 2004 672 2052 anno
704 1985 751 2071 36
781 1983 898 2076 parta)
930 1980 1138 2051 cuscleutcar
1160 1979 1339 2051 Pbraa'tes
1365 1979 1479 2050 reddi-

306 2112 374 2189 tus,
402 2128 480 2175 cum
509 2105 622 2175 multa
649 2104 841 2175 crudeliter
855 2104 1055 2187 cousuleret,
1074 2103 1114 2173 in
1128 2104 1300 2175 exsilium
1318 2106 1480 2199 abapula

305 2251 369 2297 sua
383 2227 547 2320 pellatur.
575 2228 697 2323 ltaque
710 2253 790 2299 cum
804 2252 936 2324 magua
948 2227 1292 2324 tcmparcfiuitrmas
1312 2228 1476 2312 cambutas,

306 2349 358 2420 ad
384 2358 608 2445 postremum
646 2350 798 2447 Scythas
828 2352 997 2445 precibus
1025 2352 1235 2447 fatigasset,
1258 2351 1478 2447 Scytharum

307 2474 468 2545 rrcauima
499 2474 640 2557 aurelia
654 2474 693 2545 iu
706 2499 860 2570 reguum
873 2474 1086 2545 restituitur.
1116 2473 1197 2546 Hac
1207 2476 1346 2547 absente
1362 2501 1479 2571 regem

306 2597 444 2668 Partiri
471 2597 669 2667 Tiridatem
697 2598 872 2691 quendam
897 2598 1160 2683 constituerant,
1192 2599 1256 2693 qui
1280 2599 1403 2673 audito
1420 2601 1480 2671 ad-

249 2752 250 2757 *
307 2729 411 2792 uentu
438 2719 661 2822 ¹Scytharum
687 2745 765 2791 cum
794 2746 930 2818 magua
954 2724 1152 2795 amr'corum
1184 2746 1297 2794 mauu
1322 2724 1376 2793 ad
1399 2724 1482 2794 Cae-

307 2868 425 2915 sarem
439 2843 479 2913 iu
493 2842 684 2937 Hispania
698 2843 824 2915 bellum
838 2853 922 2916 tuuc
933 2847 1102 2939 temperis
1112 2855 1294 2942 gerentem
1298 2846 1479 2942 profugit,

309 2965 458 3037 abscidam
487 2966 641 3051 Caesari
664 2966 858 3039 mammum
870 2967 1002 3064 filium
1029 2969 1206 3042 Phraata
1221 2971 1363 3065 ferens,
1384 2996 1483 3067 quem

210 3122 212 3127 ·
310 3089 545 3185 raeglc'greutrus
572 3090 782 3162 custoditum
807 3100 992 3184 rapuerat.
1033 3091 1111 3179 Qua
1137 3094 1274 3190 cognito
1305 3094 1485 3166 Pbradtes

309 3214 438 3307 legatas
465 3214 586 3284 statim
614 3213 668 3285 ad
689 3214 880 3287 Caesarem
907 3216 1024 3303 mr'ttit,
1054 3242 1197 3290 seruum
1211 3244 1321 3290 suum¹
1342 3218 1379 3289 T
1374 3218 1485 3291 ereda-

311 3346 377 3408 tem
414 3345 448 3407 et
470 3335 602 3432 filium
642 3338 780 3409 remitti
807 3340 882 3410 sibi
892 3341 1064 3434 postulat.
1098 3343 1236 3414 Caesar
1258 3351 1291 3413 et
1306 3343 1486 3438 legatione

188 3517 191 3527 .
310 3460 487 3532 Phraates
514 3459 642 3532 audita
668 3470 702 3533 et
733 3460 913 3549 Tiridatis
928 3466 1126 3558 postulatis
1153 3467 1304 3562 coguitis
1331 3467 1432 3559 (uam
1455 3475 1490 3537 et

313 3585 386 3678 ipse
417 3583 564 3655 restitui
595 3585 635 3655 iu
670 3609 822 3681 reguum
856 3587 1085 3676 desiderabat,
1115 3590 1212 3661 iuris
1237 3590 1486 3662 Romanarum

301 3707 479 3803 futuram
512 3707 708 3780 Parthiam
741 3707 944 3802 affirmans,
981 3712 1019 3783 si
1047 3713 1124 3784 eius
1148 3738 1300 3810 reguum
1327 3714 1488 3785 muueris

313 3855 433 3903 earum
440 3829 594 3925 fuisset)
612 3856 719 3928 aeque
738 3833 937 3906 Tiridatem
952 3832 1156 3908 dediturum
1169 3837 1368 3909 sePartlu's
1380 3838 1485 3922 abaci,

314 3976 422 4047 aeque
452 3953 623 4025 adversus
657 3956 815 4028 Parthas
846 3957 1009 4031 Tiridati
1031 3960 1178 4032 auxilia
1202 3961 1385 4034 daturum.
1431 3960 1491 4033 Ne

316 4085 433 4147 tamm
457 4084 531 4169 per
554 4078 675 4150 omnia
702 4079 804 4151 urbib
822 4104 847 4151 a
876 4081 1030 4153 Caesare
1053 4083 1228 4156 obtentum
1254 4084 1443 4171 uederdur,
1459 4094 1493 4157 et

317 4198 622 4295 Pbradtifilium
646 4202 723 4273 siue
745 4204 861 4296 pretii)
888 4204 1029 4276 remisit
1043 4215 1077 4278 et
1099 4207 1269 4294 Tiridati,
1291 4208 1410 4304 qrcaad
1417 4234 1488 4280 mu-

282 4350 284 4355 ’
319 4346 401 4393 uere
427 4322 531 4415 apud
553 4322 735 4396 Romanas
763 4328 874 4412 uellet,
902 4328 1105 4421 opulentum
1129 4340 1311 4424 sumptum
1326 4331 1494 4426 praeberi
1565 4394 1571 4425 ,

319 4444 435 4516 cussit.
465 4444 601 4517 Contra
629 4445 702 4519 Dio
739 4449 795 4536 LI,
834 4454 898 4522 18:
928 4452 1214 4543 ὁδόὗνΚαῖσαρ
1230 4466 1326 4540 uigeat
1337 4487 1490 4543 τεπροει-

325 4586 454 4659 Quaeve
481 4581 602 4660 ἔπραξε
647 4570 680 4667 (i.
718 4597 749 4644 e.
780 4586 866 4668 post
884 4573 1049 4670 Aegypti
1067 4598 1125 4646 res
1144 4571 1366 4669 constitutas)
1380 4632 1488 4647 ......
