3292 5259
750 343 785 394 41

114 470 116 477 Ι
179 507 219 565 ut
245 492 366 589 palam
393 493 527 583 fieretg„
553 519 662 590 quam
687 494 846 565 maxime
872 520 913 567 se
940 495 1093 567 Parthos
1118 520 1290 590 spernere
1317 509 1355 568 et

172 614 266 688 nihili
301 617 461 707 habere,
503 616 693 714 laedendo,
733 617 990 706 detrectando,
1030 618 1229 691 inimicitias
1253 646 1353 693 exer-

170 739 289 813 cendo
316 766 388 813 non
415 738 601 814 intermisit
628 740 676 813 ad
691 738 761 813 bell
774 767 835 813 um
850 767 915 813 eos
930 739 1118 815 lacessere.
1155 742 1204 814 Hi
1218 758 1350 826 autem,

175 864 305 937 timore
333 865 509 960 perterriti
529 890 574 937 ne
597 865 846 937 Romanorum
861 866 1031 939 exercitui
1047 883 1169 939 essent
1182 868 1350 963 impares

170 989 419 1063 acerbissimas
459 987 715 1075 contumelias,
761 990 925 1085 quamvis
966 990 1080 1078 inviti,
1126 1016 1351 1088 concoquere

173 1112 372 1186 maluerunt
399 1140 507 1211 quam
535 1110 618 1185 belli
643 1114 823 1185 fortunam
851 1113 1021 1208 experiri3
1051 1113 1247 1187 identidem
1274 1115 1351 1188 mit·

144 1244 249 1334 stunt
276 1235 419 1333 legatos
445 1237 493 1310 ad
520 1233 934 1326 bellum'avertendum3
970 1236 1117 1309 tandem
1144 1235 1347 1334 aliquando

60 1403 66 1409 ·
170 1362 231 1435 ubi
251 1362 480 1457 querimoniis
504 1357 586 1436 nihil
601 1357 800 1456 proficitur,
831 1352 934 1433 arma
955 1361 1150 1457 suscipiunt
1163 1376 1200 1434 et
1213 1363 1350 1435 socium

170 1501 281 1580 atque
319 1484 472 1557 amicum
508 1482 630 1580 populi
673 1485 829 1557 Romani
863 1484 1031 1581 aggressi
1058 1485 1285 1558 committunt
1312 1503 1351 1558 ut

170 1608 364 1704 Pompeius
392 1634 433 1681 se
459 1606 662 1680 lacessitum
687 1608 735 1680 ad
750 1604 883 1680 bellum
897 1607 1066 1680 adactum
1087 1634 1169 1681 esse
1190 1609 1348 1705 profiteri

171 1747 305 1829 posset.
337 1732 478 1804 Aderat
501 1732 607 1827 igitur
634 1756 743 1803 causa
761 1731 894 1803 idonea
914 1729 997 1803 belli
1012 1731 1194 1804 inserendi.
1226 1732 1348 1825 Quam

169 1882 281 1952 quum
307 1870 404 1929 esset
430 1871 565 1944 nactus,
596 1855 682 1952 quid
710 1854 805 1929 aliud
834 1856 882 1928 ab
910 1881 956 1928 eo
974 1871 1119 1952 poterat
1133 1858 1344 1953 exspectari,

170 1979 235 2051 nisi
277 1994 315 2051 ut
356 1979 585 2075 cupidissime
626 1976 760 2052 bellum
787 1980 953 2076 pararet?
1004 1979 1080 2077 Sed
1108 1977 1219 2076 longe
1246 1978 1348 2053 aliter

168 2129 228 2175 res
252 2104 389 2176 cecidit.
428 2103 479 2176 Ut
504 2104 599 2176 enim
627 2120 735 2177 antea
761 2105 956 2200 superbum
984 2120 1022 2177 et
1048 2120 1281 2201 arrogantem
1305 2132 1345 2178 se

172 2228 410 2323 praestiterat,
445 2228 495 2299 sic
523 2244 617 2315 tunc,
648 2229 706 2300 ubi
735 2253 793 2301 res
821 2228 869 2300 ad
896 2253 1008 2323 arma·
1025 2242 1216 2323 spectaret,
1256 2228 1343 2301 mira

171 2351 279 2422 animi
316 2351 550 2424 inconstantia
578 2351 712 2448 pedem
739 2352 929 2440 referebat,
969 2353 1184 2424 causabatur
1210 2349 1343 2424 bellum

170 2473 374 2547 Parthicum
400 2500 471 2548 non
497 2476 563 2550 sibi
592 2501 673 2548 esse
692 2501 714 2548 a
732 2473 868 2571 populo
886 2476 1055 2547 Romano
1074 2475 1341 2564 demandatum,

170 2597 416 2671 Mithridatem
443 2599 636 2681 etiamtunc
665 2624 746 2672 esse
772 2600 806 2671 in
835 2599 953 2687 armiS,
998 2624 1070 2672 non
1095 2599 1143 2671 ad
1170 2625 1211 2672 se
1237 2600 1343 2696 perti-

169 2749 255 2797 nere
269 2724 531 2797 controversias
544 2749 639 2821 quae
654 2723 805 2820 Tigrani
821 2748 902 2795 cum
916 2721 1055 2795 Parthis
1069 2721 1341 2809 intercederent,

170 2864 378 2921 contentum
403 2873 484 2921 sese
512 2874 594 2922 esse
620 2839 727 2921 rebus
753 2848 932 2945 consectis.

223 2971 410 3043 Eiusmodi
450 2971 768 3066 tergiversationes
804 2995 925 3058 verae,
960 2993 1055 3066 quae
1091 2994 1175 3041 eum
1201 2993 1224 3039 a
1249 2965 1345 3041 bello

169 3094 347 3181 retineret,
378 3118 508 3169 causae
536 3095 757 3189 praetendit,
786 3094 893 3165 timor
924 3090 1058 3164 scilicet
1084 3115 1167 3164 eum
1195 3092 1346 3163 incesse-

168 3232 234 3313 rat,
269 3242 324 3305 ne,
364 3216 393 3288 si
421 3216 602 3288 Armeniis
629 3216 812 3312 suppetias
840 3215 957 3288 ferens
985 3212 1203 3312 longinquae
1239 3240 1345 3310 expe-

168 3340 314 3413 ditionis
336 3338 494 3437 pericula
521 3340 677 3428 adiisset,
709 3340 871 3413 fortunae
897 3340 1120 3437 experiretur
1140 3341 1346 3414 vicissitudi-

169 3490 262 3538 nem.
295 3464 471 3558 Quamvis
499 3464 594 3537 enim
614 3464 689 3537 fieri
704 3489 775 3537 non
789 3479 925 3560 posset,
947 3465 1031 3563 quin
1049 3466 1209 3562 graviter
1226 3464 1345 3538 Parthi

171 3603 401 3661 moverentur
428 3589 526 3661 lama
552 3588 590 3662 et
614 3585 697 3662 belli
725 3615 790 3662 usu
812 3589 968 3662 Romani
991 3590 1167 3662 exercitus
1182 3635 1233 3643 —
1248 3590 1346 3662 cuius
1455 3683 1457 3686 .

171 3715 223 3785 rei
251 3714 337 3785 satis
379 3714 571 3787 testimonii
612 3729 677 3803 est,
719 3714 818 3811 quod
851 3714 990 3787 nonnisi
1017 3714 1189 3790 extremis
1217 3714 1346 3786 iniuriis

176 3834 362 3931 defatigati
399 3837 475 3908 ausi
511 3851 613 3909 erant
646 3861 747 3909 arma
766 3838 963 3933 ‚suscipere
995 3882 1047 3891 —-
1074 3853 1196 3938 tamen
1237 3837 1346 3936 longe

170 3960 309 4046 aberat,
340 3974 379 4030 ut
405 3957 500 4032 bello
529 3960 759 4057 impendente
779 3962 918 4034 animos
933 3961 1172 4034 demitterent.
1201 3963 1343 4059 Legati,

115 4089 117 4093 ’
172 4109 266 4181 quos
308 4083 355 4156 de
396 4083 566 4182 Tigranis
605 4083 787 4181 legatione
829 4085 959 4157 certior
1005 4086 1127 4174 sactus,
1174 4085 1346 4158 Phraates

172 4208 319 4281 miserat
346 4206 381 4279 in
408 4207 561 4303 Syriam,
596 4210 655 4282 ubi
681 4209 874 4305 Pompeius
907 4235 953 4282 eo
981 4225 1145 4306 tempore
1172 4209 1343 4305 degebat,

171 4356 244 4404 non
271 4356 399 4427 preces
427 4332 638 4421 afferebant,
668 4332 735 4405 sed
763 4332 964 4405 orationem
988 4330 1132 4429 plenam
1173 4332 1345 4403 minarum

171 4469 211 4527 et
238 4453 530 4543 criminationum,
568 4456 662 4529 adeo
690 4472 730 4528 ut
754 4471 913 4528 mentem
941 4456 1017 4528 eius
1044 4453 1147 4528 simul
1171 4470 1209 4527 et
1229 4456 1347 4551 pudor

172 4592 211 4650 et
250 4592 365 4652 terror
402 4593 629 4674 occuparent.
686 4576 888 4676 Intelligere
928 4579 1048 4674 coepit
1088 4578 1280 4675 Pompeius
1307 4607 1347 4652 se
