3292 5259
840 327 878 383 94

247 484 352 555 -cidit
392 480 524 555 eximia
562 480 629 550 ista
656 475 831 566 celeritas,
860 504 969 575 quam
999 479 1077 574 ipse
1105 480 1152 552 de
1180 506 1220 552 se
1248 481 1442 577 praedicat.

321 607 439 679 Tarso
477 605 659 676 Amanum
695 627 822 674 versus
850 603 900 674 ire
928 604 1086 698 perrexit
1119 605 1151 700 Ι)
1197 605 1319 677 Nouis
1349 605 1442 678 Oete·

265 735 400 814 bridus,
444 746 481 802 et
522 727 695 824 postridie
737 726 813 798 eius
854 726 926 799 diei
955 743 1074 800 castra
1105 727 1264 801 habebat
1292 729 1326 800 in
1354 755 1445 826 agro

264 854 546 952 Mopsuhestiae,
587 849 746 947 oppiduli
782 851 849 923 sub
887 851 1069 924 Amanum
1098 868 1270 939 montem,
1309 854 1368 925 ubi
1397 854 1444 926 de

265 981 383 1054 Cassii
423 977 571 1051 victoria
613 992 650 1048 et
690 975 818 1048 Osacis
854 975 967 1048 caede
995 977 1125 1049 certior
1153 978 1265 1049 iactus
1301 993 1378 1050 est·
1398 978 1445 1050 ad

265 1106 357 1177 Fam
386 1104 424 1186 H,
463 1126 517 1174 so.
554 1127 594 1173 2:
630 1127 730 1173 »eum
757 1103 927 1174 venissem
956 1102 1009 1174 ud
1035 1103 1236 1190 Amanum,
1267 1105 1331 1200 qui
1345 1130 1446 1176 eueus

264 1231 363 1303 milei
399 1256 477 1301 eueu
518 1228 649 1299 Bibulo
689 1226 886 1298 communis
926 1236 985 1310 est,
1009 1286 1015 1299 .
1036 1286 1042 1298 .
1061 1285 1095 1298 ..
1138 1222 1289 1298 Cassius
1317 1237 1442 1312 uester,

262 1356 359 1450 quui
403 1353 499 1425 euilu'
537 1377 690 1448 treuguae
728 1352 906 1446 voluptati
929 1351 1024 1446 suit,
1057 1351 1218 1446 feliciter
1248 1353 1292 1423 ab
1316 1352 1445 1424 Antie-

262 1480 346 1552 clu'u
387 1479 516 1550 hostem
563 1477 745 1558 reiecerun-
784 1476 941 1547 Bibulus
972 1476 1201 1570 peeueueiem
1238 1477 1446 1572 eccesieeutf’

262 1606 312 1678 ad
341 1605 442 1676 Fam.
472 1602 556 1695 XV,
585 1622 619 1689 4.
656 1618 694 1689 7:
727 1600 801 1670 »ud
820 1599 1011 1671 Amanum
1035 1601 1229 1672 exereitum
1247 1601 1350 1686 duxi,
1381 1625 1447 1696 quo

263 1740 307 1801 ul
343 1730 433 1807 veui,
472 1728 603 1800 uestem
645 1725 689 1797 ub
720 1725 916 1797 Antiochia
944 1725 1133 1810 recessisse,
1163 1726 1338 1798 Bibulum
1365 1726 1446 1797 Au-

261 1855 411 1927 liocieiue
437 1878 510 1925 esse
536 1846 710 1947 eegueeu‘.''

319 1979 386 2050 His
416 1976 580 2050 omnibus
609 1990 707 2046 recte
733 1989 769 2046 et
789 1973 914 2046 ordine
930 1974 1113 2069 expositis,
1145 1957 1285 2061 nemini,
1303 1974 1441 2070 opinor,

155 2084 159 2090 ’
263 2104 333 2176 erit
358 2103 515 2183 dubium,
557 2100 640 2197 quin
669 2098 880 2170 Parthorum
909 2097 1030 2172 clades
1058 2098 1180 2194 paucis
1208 2098 1335 2171 diebus
1360 2113 1444 2170 ante

265 2228 391 2299 Nonas
433 2225 602 2298 Octobris
637 2223 813 2296 acciderit.
873 2224 984 2318 Quod
1019 2223 1048 2296 si
1083 2249 1207 2295 verum
1235 2238 1300 2310 est,
1340 2221 1444 2295 simul

263 2375 315 2423 ex·
350 2350 609 2446 compositione
641 2373 721 2420 cum
763 2347 893 2420 Dionis
918 2348 1123 2422 testimonio
1149 2348 1306 2421 instituta
1334 2373 1444 2443 appa-

266 2491 331 2561 ret,
360 2476 481 2571 primis
509 2473 641 2546 mensis
668 2473 837 2546 Octobris
861 2473 988 2546 diebus
1002 2473 1153 2546 Parthos
1167 2459 1214 2547 ab
1229 2450 1444 2546 Antiochiae

264 2600 453 2673 moenibus
482 2625 562 2672 esse
590 2598 752 2684 reiectos,
784 2624 868 2671 nam
896 2614 979 2671 ante
1007 2596 1147 2671 cladem
1176 2595 1324 2670 muitum
1346 2595 1443 2670 labo-

264 2726 313 2797 ris
353 2740 390 2796 et
424 2722 571 2796 multum
599 2723 772 2818 temporis
798 2724 1058 2796 consumebant
1086 2724 1119 2795 in
1147 2723 1346 2820 Antigonia
1372 2717 1443 2818 ¹op-

265 2850 485 2948 pugnanda‚
539 2847 572 2944 2)
601 2873 648 2919 ex
674 2873 746 2944 quo
774 2847 943 2944 sequitur,
984 2864 1031 2936 ut,
1062 2874 1134 2945 quo
1163 2863 1327 2945 tempore
1363 2848 1444 2920 hos-

264 2992 322 3048 tes
352 2977 398 3048 ab
426 2973 630 3047 Antiochia·
645 2962 892 3058 recessemnt‚’
906 2973 1034 3046 Cicero
1053 2974 1247 3046 etiamtunc
1268 2974 1302 3046 in
1317 2974 1443 3046 Tauro

268 3116 390 3172 monte
428 3114 637 3172 versaretur.
698 3097 820 3170 Abeat
861 3097 969 3193 igitur
1008 3097 1209 3196 quicunque
1245 3098 1440 3196 quidquam

265 3221 387 3294 tribuit
422 3220 589 3318 gloriosis
626 3222 700 3294 istis
718 3222 848 3309 verbis
871 3246 965 3320 quae
984 3221 1018 3293 in
1046 3221 1199 3318 epistola
1213 3224 1260 3295 ad
1279 3223 1441 3300 Atticum

264 3345 443 3443 leguntur.

238 3499 244 3515 ·
320 3472 495 3544 Attamen
523 3470 571 3543 de
599 3469 675 3557 die,¹
698 3494 771 3566 quo
800 3469 946 3542 Cassius
964 3471 1105 3567 peperit
1122 3471 1318 3560 victoriam,
1336 3469 1441 3546 latius

263 3597 350 3669 mihi
393 3595 641 3668 disserendum
682 3593 845 3683 arbitror,
887 3594 1181 3695 quandoquidem
1209 3622 1290 3670 esse
1318 3596 1437 3686 video

261 3721 325 3818 qui
366 3719 554 3792 veritatem
595 3718 776 3791 Ciceronis
819 3719 1031 3793 narrationis
1058 3721 1092 3792 in
1120 3720 1274 3795 dubium.
1295 3737 1437 3794 vocent.

264 3845 396 3917 Exstat
435 3841 567 3916 scilicet
601 3843 634 3914 in
663 3840 816 3940 epistola
844 3843 892 3915 ad
915 3843 1075 3916 Atticum
1105 3845 1163 3940 (V.
1197 3869 1254 3918 21.
1290 3847 1338 3940 2.)
1370 3861 1439 3918 tes·

261 3968 460 4053 timonium,
489 3966 587 4063 quod
613 3981 740 4063 aperto
755 3966 870 4039 fronte
885 3983 1063 4063 repugnat
1076 3993 1195 4041 rerum
1210 3970 1437 4067 expositioni,

262 4117 374 4189 quam
402 4089 487 4161 dedi
512 4114 629 4185 supra.
660 4090 709 4162 ld.
741 4091 847 4163 Febr.
869 4090 950 4163 anni
968 4093 1153 4182 5oscribit
1167 4095 1294 4168 Cicero
1308 4079 1440 4170 Laodi-

261 4241 352 4289 ceae
393 4215 440 4287 ad
468 4214 622 4286 amicum
641 4213 675 4284 in
690 4213 802 4309 Epiro
821 4232 1123 4290 commorantem:
1146 4245 1232 4316 »pue
1250 4231 1367 4294 eutem
1383 4224 1440 4296 die

265 4340 393 4413 Cassii
412 4340 549 4411 liiteeue
572 4338 732 4409 ve'etriees
757 4339 797 4410 iu
824 4349 951 4412 senatu
975 4343 1140 4416 reeiiulue
1166 4354 1260 4433 suut,
1291 4344 1335 4416 id
1368 4363 1439 4419 est

303 4519 327 4579 1)
345 4517 384 4565 Cf.
403 4518 435 4567 ad
455 4519 524 4570 Fam.
545 4519 595 4567 111.
616 4517 639 4569 8.
664 4531 702 4567 ιο.

302 4609 326 4666 2)
345 4606 411 4655 Vide
433 4607 544 4656 Dionem
562 4608 617 4667 XL,
638 4619 680 4669 29,
697 4615 721 4656 et
739 4608 921 4661 dissertationis
938 4629 996 4678 pag.
1016 4613 1058 4664 81.
