3292 5259
886 346 923 399 42

314 516 450 573 temere
475 499 544 573 sibi
578 499 725 597 negotia
753 498 938 585 conflasse,
973 497 1259 595 necquicquam
1289 496 1406 594 magis
1427 522 1494 569 sua

313 625 495 712 interesse,
526 649 635 721 quam
654 640 693 695 ut
717 621 774 697 illa
797 622 918 696 statim
938 636 1192 695 averterentur.
1223 621 1348 719 Itaque
1374 646 1493 717 neque

314 748 494 821 Armeniis
524 745 603 819 tulit
638 745 816 835 auxilium,
857 772 974 845 neque
1008 746 1042 818 in
1069 756 1255 843 posterum
1291 742 1380 817 ullas
1411 770 1493 815 cum

314 871 452 945 Parthis
480 872 674 943 exercebat
701 870 918 960 inimicitias3
954 866 1139 967 ablegavit
1166 894 1254 942 vero
1281 884 1356 941 tres
1382 868 1489 954 vir05,

314 996 374 1093 qui
409 994 456 1067 de
490 996 632 1091 integro
668 995 930 1068 controversias
970 983 1205 1065 diiudicarent
1237 1007 1275 1064 et
1310 991 1492 1089 utriusque

315 1119 418 1215 regni
445 1117 532 1190 fines
560 1118 826 1191 constituerent.
871 1118 982 1190 Hisce
1010 1116 1150 1190 arbitris
1177 1116 1335 1212 acceptis
1362 1113 1493 1188 litibus-

316 1267 387 1339 que
422 1242 630 1337 compositis
666 1244 698 1337 1)
730 1243 765 1314 in
790 1242 945 1337 gratiam
973 1241 1163 1330 redierunt,
1194 1256 1409 1334 ὀργιζόμενος
1429 1259 1518 1332 μὲν,

313 1375 332 1435 ὀ
375 1376 536 1450 Τιγράνης
561 1375 616 1433 ὅτι
645 1379 704 1448 τῆς
731 1376 926 1450 ἐπικουρίας
952 1372 1015 1434 οὐκ
1041 1372 1150 1446 ἔτυχε,
1181 1376 1389 1446 βουλόμενος
1413 1370 1443 1429 d'
1471 1370 1493 1429 ὁ

238 1519 240 1523 ’
319 1502 478 1576 Φραάτης
494 1508 658 1575 περιεῖναι
674 1502 736 1559 τὸν
750 1498 921 1575 Ἀρμένιον
935 1500 1032 1571 ὅπως
1048 1505 1105 1557 καὶ
1123 1502 1292 1575 συμμάχῳ
1309 1502 1391 1559 ποτὲ
1400 1497 1493 1571 αὐτῷ

317 1628 347 1685 εἰ
365 1630 503 1700 δεηθείη
521 1628 606 1684 κατὰ
624 1630 693 1685 τῶν
705 1623 880 1697 Ῥωμαίων
896 1627 1072 1701 χρήσαιτο.
1090 1631 1118 1693 2)

371 1740 531 1811 Tantum
559 1737 662 1810 nobis
689 1760 736 1809 ex
763 1752 925 1810 veterum
954 1732 1140 1809 auctorum
1167 1736 1380 1809 testimoniis
1411 1761 1493 1809 con-

317 1879 389 1937 stat
417 1863 464 1936 de
492 1863 653 1935 Phra'a'tis
677 1863 839 1959 partibus
868 1862 902 1933 in
929 1858 1026 1934 bello
1053 1860 1296 1932 Mithridatico
1315 1860 1413 1933 etde
1427 1885 1492 1931 usu

323 2010 556 2019 ---—-—-.—---—.

357 2068 378 2126 1)
398 2066 542 2113 Mommsen
560 2063 716 2112 in'historia
743 2065 861 2113 Romana
881 2064 930 2112 111.
954 2076 993 2124 14.
1013 2066 1128 2129 Pompeii
1147 2066 1275 2114 arbitrium
1293 2069 1495 2133 commemorans

318 2153 405 2202 addit:
435 2153 578 2210 „Plrrac'ites
605 2152 661 2199 liess
680 2168 703 2199 es
721 2152 772 2199 sich
782 2152 904 2217 gesallen,
923 2152 980 2200 dass
998 2151 1042 2199 ihr
1061 2142 1254 2216 Schiedssp'ruclz
1273 2153 1321 2217 den
1340 2152 1493 2201 Armeniern

319 2241 454 2289 Korduene
470 2240 526 2289 und
542 2240 587 2287 dus
605 2240 732 2289 nordliclre
751 2240 945 2305 Mesopotamiam
962 2241 1079 2289 zuwr'es.''
1103 2241 1175 2303 Quae
1192 2241 1268 2290 verba
1287 2241 1354 2290 unde
1371 2242 1493 2299 sumserit,

319 2329 381 2377 mihi
398 2344 451 2377 non
469 2328 560 2393 liquet,
577 2312 682 2377 Nullum
700 2336 765 2377 certe
784 2337 911 2378 auctorem
931 2337 1018 2377 testem
1035 2329 1175 2394 producere
1192 2336 1284 2394 potest,
1303 2330 1494 2393 necquicquam

319 2401 355 2467 est
373 2416 467 2475 indicii,
491 2416 561 2480 quod
579 2417 643 2465 hanc
661 2418 809 2466 sententiam
828 2418 986 2482 probabilem
1004 2417 1100 2466 reddat.
1138 2418 1189 2466 Sed
1208 2425 1235 2466 ut
1253 2418 1314 2465 haec
1334 2418 1494 2475 omittamus,

319 2506 339 2552 si
367 2504 429 2569 quid
453 2505 479 2553 in
499 2520 525 2553 re
542 2512 593 2553 tam
612 2506 704 2554 incerta
722 2506 866 2555 coniectura
884 2514 921 2555 est
940 2507 1121 2572 colligendum,
1150 2508 1229 2571 magis
1247 2508 1309 2554 mihi
1328 2506 1419 2555 arridet
1435 2521 1493 2553 con·

319 2594 421 2642 trarium
439 2585 513 2658 atque
532 2594 567 2652 id,
588 2594 660 2659 quod
678 2610 693 2643 a
712 2595 773 2643 Viro
793 2595 940 2644 Clarissimo
959 2596 1103 2645 affirmatur.
1132 2597 1193 2644 Hoc
1212 2597 1301 2645 saltem
1329 2611 1431 2644 necesse
1448 2603 1494 2652 est,

282 2724 285 2729 ,
321 2691 346 2731 ut
365 2682 514 2730 arbitrorum
533 2682 653 2729 iudicium
673 2684 752 2746 magis
771 2682 797 2730 in
816 2684 974 2742 Parthorum,
1003 2701 1078 2749 quam
1097 2685 1122 2732 in
1142 2684 1320 2733 Armeniorum
1338 2684 1445 2748 gratiam
1463 2685 1495 2732 sit

319 2772 419 2820 sactum.
457 2770 590 2835 Pompeio,
619 2770 713 2835 quippe
741 2770 784 2834 qui
811 2770 908 2819 bellum
935 2788 951 2820 a
979 2773 1076 2843 Parthis
1095 2773 1227 2821 imminens
1245 2780 1357 2821 avertere
1376 2772 1496 2829 studeret,

320 2858 406 2909 omnia
433 2867 502 2907 erant
529 2859 612 2924 posita
630 2860 655 2907 in
674 2875 715 2917 e0,
744 2866 770 2908 ut
788 2859 829 2907 vel
847 2860 945 2922 magnis
963 2861 1171 2909 concessionibus
1190 2862 1252 2909 iram
1270 2877 1358 2911 eorum
1376 2862 1495 2926 placaret.

319 2950 382 3013 Quis
401 2956 483 2997 autem
502 2948 594 3007 credat,
614 2964 671 3005 eum
689 2930 750 2995 non¹
762 2954 858 2995 tantum
876 2948 1013 3011 regionem,
1033 2949 1065 2997 de
1084 2965 1134 3013 qua
1152 2948 1233 2997 fuerat
1249 2950 1428 3013 controversia,
1449 2951 1495 2996 Ar-

318 3037 407 3087 meniis
434 3037 584 3095 attribuisse,
613 3036 657 3085 sed
684 3016 781 3100 partem
799 3036 901 3100 insuper
921 3036 1123 3101 Mesopotamiae
1142 3036 1266 3085 ademisse
1285 3038 1323 3096 iis,
1345 3038 1496 3101 quibuscum

318 3127 344 3173 in
369 3126 472 3189 gratiam
500 3126 582 3175 redire
609 3126 706 3174 vellet?
735 3126 796 3172 Non
824 3124 876 3173 fieri
897 3132 987 3189 potest,
1005 3132 1033 3173 ut
1052 3126 1169 3173 Phraates
1188 3126 1341 3189 acquieverit
1358 3126 1384 3174 in
1403 3126 1497 3174 talibus

320 3214 521 3273 condicionibus,
549 3214 640 3279 quibus
668 3214 773 3262 iniuriae
791 3229 844 3261 non
863 3213 976 3261 sublatae
994 3213 1038 3261 sed
1057 3213 1218 3264 confirmatae
1235 3220 1259 3261 et
1277 3221 1365 3262 auctae
1383 3214 1497 3263 fuissent.

358 3305 382 3363 2)
401 3300 439 3349 cf.
459 3301 511 3348 Dio
530 3300 666 3350 XXXVII.
687 3300 711 3359 6,
733 3311 765 3361 75
793 3302 862 3365 App.
883 3300 996 3350 Mithrid.
1019 3301 1083 3360 1063
1100 3302 1165 3351 Plut.
1184 3303 1274 3366 Pomp.
1296 3315 1337 3363 39.
1376 3303 1407 3349 In
1428 3301 1498 3348 hisce

321 3389 465 3437 enarrandis
493 3389 605 3437 Dionem
633 3394 731 3437 secutus
750 3405 813 3447 sum,
843 3395 929 3453 utpote
948 3389 1100 3438 uberrimum
1116 3392 1205 3438 harum
1223 3406 1305 3439 rerum
1323 3398 1419 3448 testem,
1446 3387 1497 3436 nisi

321 3478 386 3526 forte
404 3478 494 3526 mirum
512 3477 611 3527 videtur
628 3463 765 3527 testimonii
784 3478 922 3525 ubertatem
940 3477 1092 3541 praedicare,
1120 3478 1141 3525 si
1159 3479 1224 3542 quiS,
1247 3479 1334 3527 ceteris
1352 3477 1498 3526 auctoribus

321 3575 363 3614 aut
381 3566 519 3625 silentibus,
536 3573 578 3614 aut
596 3566 686 3630 raptim
705 3572 729 3614 et
744 3565 900 3629 negligenter
909 3581 961 3613 rem
969 3566 1138 3624 tractantibus,
1153 3567 1241 3631 paullo
1251 3567 1372 3615 maiorem
1381 3565 1500 3615 adhibuit

321 3654 484 3717 diligentiam.
508 3652 633 3711 Plutarchi
652 3653 755 3702 inbelli
776 3653 940 3701 Mithridatici
960 3654 1129 3718 descriptione
1147 3655 1331 3719 Theophanem
1350 3655 1497 3717 Mytilenae-

321 3758 363 3790 um
390 3740 487 3789 foutem
515 3740 591 3790 fuisse
617 3742 762 3807 primarium
789 3741 841 3789 veri
869 3741 1024 3789 simillimum
1053 3750 1097 3792 est.
1126 3742 1176 3807 (Cs.
1200 3743 1286 3791 Peter:
1318 3743 1359 3792 die
1386 3742 1497 3805 Quellen

322 3812 450 3878 Plutarchs
471 3828 497 3877 in
516 3828 565 3877 den
586 3829 756 3894 Biographieu
775 3828 819 3878 der
839 3830 943 3887 Romer,
961 3845 1019 3893 pag.
1044 3843 1102 3890 114,
1123 3835 1186 3896 sqq.)
1207 3831 1287 3879 Haud
1306 3831 1402 3879 scioan
1422 3830 1498 3878 huius

321 3917 429 3966 auctoris
458 3916 562 3980 vestigia
589 3918 775 3982 deprehendam
803 3918 830 3964 in
856 3905 936 3981 capite
965 3931 1007 3980 39,
1035 3918 1077 3965 ubi
1106 3919 1260 3979 Plutarchus,
1286 3936 1352 3985 quae
1371 3918 1498 3984 Pompeio

279 4016 282 4021 '
322 4013 390 4054 erant
417 4004 545 4064 dedecori,
576 4004 601 4051 in
624 4005 724 4053 laudem
751 4005 824 4053 vertit
852 4012 876 4053 et
904 4006 1037 4056 honorem.
1074 4007 1115 4054 Eo
1143 4015 1245 4056 auctore
1272 4025 1325 4057 non
1349 4016 1417 4057 metu
1434 4007 1497 4056 belli

321 4093 429 4142 Parthici
456 4092 549 4141 factum
577 4101 621 4152 est,
646 4101 672 4141 ut
696 4093 832 4157 Pompeius
856 4092 996 4141 conciliarit
1020 4093 1126 4143 Parthos
1153 4102 1177 4143 et
1195 4096 1339 4156 Armenios,
1362 4097 1407 4144 sed
1429 4096 1498 4144 ultro
1546 4084 1550 4090 ’

321 4182 369 4230 hae
398 4187 493 4245 gentes,
520 4181 689 4229 controversia
711 4196 767 4229 cum
785 4181 818 4229 de
839 4181 930 4247 finibus
950 4180 1135 4240 intercessisset,
1154 4184 1282 4232 arbitrium
1303 4185 1326 4232 ei
1344 4184 1495 4232 detulerunt.

322 4270 400 4332 Quod
419 4276 445 4317 ut
463 4268 562 4317 credam
581 4266 673 4315 adduci
689 4284 742 4316 non
752 4284 864 4333 possum.
875 4269 936 4316 Non
946 4270 1030 4328 talem,
1050 4269 1150 4333 opinor,
1169 4271 1304 4335 Pompeius
1313 4286 1340 4319 se
1349 4270 1497 4334 praebuerat

322 4374 380 4422 erga
409 4357 522 4415 Parthos,
551 4363 577 4405 ut
605 4356 631 4404 hi
659 4372 766 4421 aequum
794 4364 818 4405 et
836 4358 960 4421 integrum
979 4358 1099 4405 iudicium
1116 4358 1200 4406 abeo
1219 4357 1362 4424 exspectare
1383 4366 1496 4424 possent.

322 4446 376 4493 Nec
404 4445 510 4493 multum
537 4460 578 4493 me
606 4452 708 4493 movent
729 4445 813 4504 verba,
834 4446 923 4509 quibus
941 4445 1087 4493 Plutarchus
1106 4446 1133 4493 id
1151 4447 1260 4510 probare
1276 4455 1397 4497 conatur:
1423 4442 1496 4513 μέγα

321 4525 373 4597 μὲν
400 4526 452 4597 γὰρ
477 4521 513 4597 ἦν
535 4525 627 4598 ὄνομα
649 4529 699 4597 τῆς
716 4528 871 4597 δυνάμεως,
890 4527 943 4584 οὐκ
962 4528 1077 4585 ἔλαττον
1098 4529 1130 4585 δὲ
1148 4533 1199 4613 τῆς
1217 4528 1320 4602 ἀρετῆς
1337 4527 1394 4588 rod¹
1406 4529 1496 4607 πρᾳό-

322 4631 410 4681 τητος.
428 4618 542 4682 Pompeii
560 4617 718 4667 clementiam
736 4625 802 4667 certe
821 4634 958 4682 numquam
976 4626 1045 4667 erant
1064 4620 1168 4683 experti.
