3292 5259
756 314 773 388 3

107 568 110 575 .
180 498 305 555 eorum
344 474 515 554 iacturam
562 504 698 577 magno
744 508 857 578 opere
894 479 1089 554 dolendam
1122 495 1273 570 censen,
1315 483 1354 553 ut

179 632 288 679 nemo
317 632 387 678 non
416 605 501 678 mihi
529 606 755 694 assentietur,
786 606 862 703 qui,
891 606 1013 703 quoad
1032 607 1107 678 eius
1126 606 1201 680 fieri
1219 621 1351 702 potest,

180 731 451 827 deperditorum
477 747 662 804 auctorum
687 732 864 804 rationem
892 732 1015 804 inierit.
1043 732 1137 804 Inter
1154 731 1231 820 hos,
1262 757 1354 827 quos

181 858 255 929 sata
280 858 382 930 nobis
408 846 618 944 inviderunt,
649 856 851 953 aegerrime
879 856 1125 929 desideramus
1153 855 1243 927 duos
1276 880 1356 927 auc·

182 999 296 1069 toreS,
327 979 665 1077 Apollodorum
702 982 1037 1054 Artemitenum
1066 996 1103 1053 et
1130 979 1355 1052 Isidorum

183 1105 504 1194 Characenum,
534 1131 687 1202 quorum
712 1105 936 1193 testimonia,
958 1120 1084 1201 utpote
1111 1102 1247 1177 abillis
1273 1104 1356 1176 viris

181 1230 324 1319 tradita,
352 1231 412 1327 qui
438 1231 471 1302 in
487 1231 566 1326 ipso
580 1228 793 1303 Parthorum
807 1256 924 1327 regno
938 1228 1154 1302 domicilium
1169 1230 1354 1318 haberent,

182 1359 258 1431 sine
300 1357 409 1429 dubio
449 1356 587 1453 insigni
617 1356 688 1429 fide
721 1356 833 1453 digna
860 1371 972 1428 erant.
1027 1353 1240 1451 Apollodori
1266 1381 1357 1451 opus

183 1481 289 1580 quale
331 1481 435 1554 suerit
462 1496 523 1553 aut
540 1496 723 1578 ‚quantum
749 1481 922 1577 temporis
947 1480 1103 1577 spatium
1128 1477 1357 1576 complexum

184 1609 239 1696 sit,
266 1634 288 1681 a
310 1604 406 1679 nullo
435 1622 600 1679 accurate
619 1607 808 1697 indicatur,
838 1606 934 1679 haud
949 1606 1139 1679 mediocris
1154 1630 1238 1677 eum
1251 1605 1358 1676 luisse

185 1732 405 1806 auctoritatis
434 1732 509 1804 iure
537 1732 620 1804 inde
644 1729 812 1829 colligaS,
843 1731 942 1829 quod
969 1730 1103 1803 Strabo
1132 1732 1165 1826 1)
1197 1730 1232 1801 in
1250 1730 1359 1801 rebus

185 1856 356 1933 Parthicis
379 1856 601 1952 exponendis
621 1883 704 1929 eum
723 1856 949 1953 potissimum
969 1855 1107 1929 ducem·
1117 1872 1259 1932 secutus
1279 1879 1359 1929 esse

185 1982 336 2056 videtur.
367 1982 582 2079 Composuit
610 1983 764 2055 Isidorus
791 1998 939 2056 auctore
967 1982 1137 2078 Augusto
1155 1981 1360 2078 periegesin

186 2102 490 2207 geographicam,
534 2130 694 2196 Σταθμοὶ
715 2128 889 2199 Παρθικοὶ
929 2133 1023 2205 quae
1063 2107 1283 2195 inscribitur,
1326 2107 1361 2178 in

186 2260 289 2305 usum
317 2233 473 2305 Romani
499 2233 696 2320 exercitus,
724 2259 797 2329 quo
822 2248 987 2329 tempore
1017 2233 1125 2307 Caius
1148 2232 1238 2305 filius
1253 2256 1361 2327 expe-

187 2357 359 2459 ditionem
391 2358 425 2429 in
453 2357 640 2430 Orientem
663 2358 813 2453 paravit.
870 2356 986 2428 Huius
1013 2356 1132 2452 operis
1160 2357 1362 2428 etiamnunc

187 2497 377 2580 supersunt
404 2482 584 2580 quaedam
611 2496 783 2577 excerpta
801 2483 836 2576 α)
868 2495 905 2552 et
926 2478 1093 2552 nonnulla
1107 2481 1154 2553 ab
1169 2479 1362 2555 Athenaeo
1390 2516 1392 2518 >

187 2624 225 2681 et
252 2609 411 2681 Luciano
439 2623 583 2681 servata
615 2608 837 2705 fragmenta,
877 2607 1052 2703 equibus
1080 2620 1250 2701 apparet,
1291 2629 1362 2675 non
1394 2648 1396 2652 <

188 2761 271 2807 eum
285 2733 486 2807 substitisse
501 2733 536 2804 in
551 2731 877 2805 commemorandis
892 2730 1146 2817 mansionibus,
1168 2728 1360 2814 itineribuS,

188 2858 351 2955 oppidis,
389 2858 521 2946 fluviis,
549 2857 615 2930 sed
643 2856 786 2953 saepius
816 2855 1009 2943 adiecisse,
1040 2853 1181 2950 siquid
1209 2853 1289 2928 loca
1316 2851 1363 2923 ad

190 2998 320 3070 artem,
376 2981 606 3078 religionem,
663 2980 848 3053 historiam
895 2979 1070 3051 haberent
1115 2972 1360 3049 memorabile.
1414 2995 1416 2999 ·

189 3097 336 3177 Exstitit
377 3132 486 3201 porro
526 3106 573 3178 de
611 3105 759 3178 Antonii
800 3104 967 3176 Parthica
1009 3102 1240 3198 expeditione
1276 3100 1365 3172 liber

191 3229 419 3302 concinnatus
447 3255 469 3301 a
498 3222 544 3322 Q
575 3226 735 3301 Dellio
760 3218 883 3299 infami
911 3224 969 3299 illo
988 3228 1183 3317 ydesultur'e
1196 3227 1365 3298 bellorum

190 3352 379 3443 cz'vz'lz'um'',
422 3342 482 3452 qui
511 3352 594 3426 olim
628 3350 845 3426 Dolabellae
878 3368 999 3448 partes
1032 3349 1237 3448 amplexuS,
1285 3349 1366 3421 hinc

191 3479 237 3553 ad
283 3480 466 3568 Cassium,
514 3493 598 3575 post
638 3503 725 3550 vero
765 3477 943 3550 aCassio
972 3460 1019 3549 ad
1040 3476 1269 3562 Antonium,
1317 3474 1365 3545 ab

191 3605 351 3678 Antonio
380 3604 535 3700 denique
563 3602 663 3675 brevi
692 3616 775 3674 ante.
792 3601 990 3673 Actiacam
1018 3626 1180 3697 pugnam
1195 3599 1242 3672 ad
1257 3598 1366 3670 Octa·v

191 3730 334 3802 Vianum
361 3728 551 3824 transfugit
581 3730 630 3823 3).
663 3726 716 3799 Cf.
748 3725 882 3798 Strabo
910 3747 1005 3818 523:
1031 3740 1366 3816 ὥςφησινὸΔέλλιος

164 3868 212 3932 Γὸ
238 3877 299 3930 τοῦ
315 3870 488 3931 Ἀντωνίου
507 3875 626 3955 φίλος,
656 3870 851 3944 συγγράψας
868 3870 929 3942 τὴν
945 3867 999 3926 ἐπὶ
1018 3872 1241 3944 Παρθυαίους
1259 3864 1365 3928 αὐτοῦ

194 3986 373 4057 στρατείαν
398 3979 434 4040 ἐν
459 3968 478 4055 ᾗ
506 3986 614 4056 παρῆν
640 3984 697 4037 καὶ
724 3976 826 4051 αὐτὸς
851 3977 1032 4052 ἡγεμονίαν
1059 3976 1173 4051 ἔχων.-
1212 3963 1271 4034 EX
1298 3961 1366 4032 hoc

193 4094 326 4191 scripto
354 4092 499 4165 fluxisse
527 4089 703 4163 Plutarchi
719 4090 765 4163 de
779 4088 874 4164 bello
889 4091 1054 4164 Parthico
1070 4088 1309 4163 narrationem
1324 4086 1363 4179 4)

193 4283 346 4292 -ae—

234 4368 257 4437 ι)
277 4368 376 4428 Strabo,
399 4366 456 4427 118,
476 4376 537 4429 509,
557 4374 617 4429 514,
637 4360 696 4427 516.
750 4424 753 4429 .
818 4416 822 4427 ¹

231 4462 256 4519 Ζ)
277 4456 383 4507 Carolus
402 4456 504 4515 Mtiller,
517 4452 671 4518 ,Geographi
691 4441 804 4505 Minores
825 4452 846 4509 I,
865 4466 923 4515 pag.
944 4462 1004 4511 244.
1024 4466 1077 4514 sqq.

231 4551 256 4610 3)
275 4547 312 4596 Cf.
333 4546 400 4595 Vell.
420 4547 513 4595 Patere.
535 4545 570 4593 II.
592 4541 634 4603 84.
660 4541 764 4599 Seneca,
784 4539 856 4589 Suas.
876 4540 896 4588 I.
917 4538 942 4587 8.

233 4640 259 4699 4)
279 4637 336 4685 Vita
354 4635 469 4694 Antonii,
489 4642 601 4697 37—52.
