3292 5259
638 342 770 397 ’49

158 494 355 566 admiretur
370 494 538 589 ignavam
554 493 729 565 desidiam
745 518 881 580 eorum,
892 493 952 589 qui
960 509 1044 588 post
1055 493 1175 565 Crassi
1189 492 1339 565 caedem

158 643 223 713 per
249 615 451 713 complures
478 618 648 712 deinceps
674 642 787 688 annos
814 617 1036 712 Euphratem
1060 617 1273 689 transierant
1303 632 1339 689 et

158 766 259 813 arma
282 767 347 813 sua
366 740 476 837 longe
495 739 638 837 lateque
657 738 810 812 tulerant
830 740 863 811 in
879 740 1007 835 Syriae
1021 740 1212 835 Asiaeque
1226 739 1336 825 fines?

160 865 268 957 Quid,
302 865 401 961 quod
438 866 620 952 Phraates
661 890 741 935 cum
778 890 873 936 anno
905 880 990 961 post
1015 866 1194 937 Antonius
1223 880 1339 936 totam

160 988 368 1060 Armeniam
395 988 429 1059 in
454 1004 674 1084 potestatem
700 989 854 1085 redegit,
876 1014 1075 1085 regemque
1094 989 1339 1061 Artavasden}

160 1114 439 1209 comprehendit,
469 1140 513 1185 ne
533 1130 608 1187 tum
624 1113 768 1209 quidem
790 1114 965 1185 Romanis
980 1115 1166 1201 obsistere,
1185 1130 1222 1186 et
1240 1114 1339 1186 socio

158 1263 223 1308 suo
256 1236 388 1309 auxilio
414 1238 536 1310 venire
562 1236 748 1309 sustinuit?
777 1238 881 1309 Haec
906 1239 1036 1326 omnia,
1068 1264 1161 1335 quae
1187 1236 1340 1334 explica-

158 1361 293 1433 tionem
326 1363 387 1434 vix
423 1362 568 1457 habent,
608 1362 672 1433 nisi
706 1362 778 1433 iam
803 1377 879 1433 tum
906 1364 1003 1458 apud
1029 1363 1180 1435 Parthos
1208 1360 1340 1435 bellum

160 1485 363 1557 intestinum
390 1487 567 1558 exarsisse
593 1486 769 1573 statueris,
808 1512 868 1558 me
894 1487 1073 1574 inducunt,
1101 1502 1140 1557 ut
1163 1484 1340 1558 Plutarchi

160 1611 371 1683 auctoritate
418 1610 570 1683 confisus
612 1611 792 1707 profitear,
835 1612 906 1683 iam
934 1636 1028 1683 anno
1057 1632 1102 1703 35
1140 1611 1337 1698 Tiridaten,

158 1735 267 1832 idque
296 1736 392 1807 haud
418 1736 527 1807 dubie
553 1736 600 1808 ab
620 1736 780 1807 Antonio
796 1752 833 1807 et
847 1736 1053 1807 Artavasde
1068 1735 1181 1807 Medo
1197 1734 1339 1831 instiga·

160 1878 234 1932 tum
263 1879 300 1933 et
328 1862 499 1957 adiutum,
531 1862 747 1956 seditionem
775 1862 809 1932 in
836 1860 1026 1933 Phra'atem
1057 1860 1266 1932 concitasse.
1304 1862 1337 1953 1)

179 1960 182 1967 Ι
214 1986 291 2057 llas
307 1986 504 2057 discordias
523 1982 674 2081 egregie
693 1986 874 2057 Antonius
890 1986 924 2056 in
938 2011 1015 2056 rem
1030 2011 1133 2058 suam
1152 1984 1336 2057 convertit.

162 2110 270 2182 Anno
310 2133 358 2203 34
393 2112 460 2183 sub
489 2111 624 2183 initium
652 2110 746 2182 veris
775 2110 809 2180 in
838 2110 1049 2182 Armeniam
1075 2110 1269 2182 contendit.
1302 2112 1337 2203 2)

161 2236 267 2329 Rege
302 2236 422 2330 specie
449 2236 626 2307 amicitiae
654 2235 688 2306 in
715 2251 834 2307 castra
858 2249 1050 2332 pertracto
1081 2250 1196 2307 totam
1224 2234 1340 2330 regio-

162 2384 244 2430 nem
270 2359 400 2455 partim
432 2360 478 2446 ui,
507 2342 640 2454 partim
652 2359 845 2445 deditione,
874 2385 962 2431 suae
981 2359 1063 2431 facit
1077 2359 1278 2455 potestatis,
1303 2375 1340 2429 et

162 2481 232 2555 lilio
261 2509 327 2555 suo
342 2482 564 2581 Alexandro
593 2510 639 2557 ex
660 2482 856 2580 Cleopatra
869 2460 1062 2580 prognato,
1085 2484 1193 2555 tradit
1211 2508 1339 2579 regen-

161 2609 256 2679 dam.
286 2606 395 2680 Filius
436 2608 661 2696 Artavasdis
705 2608 888 2697 Artaxias
913 2610 956 2706 ,3)
996 2634 1019 2680 a
1045 2605 1278 2704 popularibus
1304 2608 1336 2678 in

161 2733 271 2828 patris
300 2731 416 2805 locum
442 2732 623 2821 suffectus,
654 2732 817 2805 hostibus
845 2758 885 2804 se
914 2733 1076 2828 opponit,
1102 2732 1171 2805 sed
1191 2733 1337 2814 frustra3

160 2856 298 2952 proelio
333 2883 548 2955 congressus
577 2872 766 2953 superatur
799 2872 837 2929 et
869 2857 917 2929 ad
944 2857 1136 2928 Phraatem
1168 2855 1336 2950 confugit.

161 2982 241 3075 lpse
283 2982 508 3055 Artavasdes
543 3008 624 3054 cum
663 2977 777 3054 uxore
815 3008 858 3054 ac
898 2980 1018 3055 liberis
1053 2981 1087 3052 in
1124 2981 1338 3075 Aegyptum

161 3106 343 3201 abreptus
357 3121 441 3177 ante
456 3132 595 3178 currum
610 3108 753 3179 victoris
768 3108 896 3179 ductus
907 3122 962 3178 est
972 3107 1006 3176 in
1014 3103 1205 3200 triumpho
1228 3130 1337 3201 quem

161 3230 206 3301 de
243 3229 417 3301 Armenia
450 3231 629 3302 Antonius
659 3229 904 3303 Alexandriae
936 3230 1022 3326 egit,
1058 3230 1177 3326 ibique
1216 3228 1339 3324 paucis

159 3355 259 3427 annis
294 3370 379 3450 post
415 3355 511 3427 iussu
547 3353 764 3451 Cleopatrae
792 3353 954 3427 ultimum
980 3354 1088 3426 subiit
1115 3352 1336 3449 supplicium.

212 3480 366 3551 Postero
390 3504 485 3552 anno
513 3480 669 3552 Romani
695 3481 823 3553 iterum
850 3504 952 3552 arma
976 3480 1011 3549 in
1039 3477 1227 3549 Orientem
1258 3502 1339 3548 con-

159 3618 349 3676 verterunt.
381 3604 438 3676 Ne
466 3620 587 3676 autem
615 3604 727 3676 turbis
753 3604 924 3675 Parthicis
945 3604 979 3675 in
998 3601 1170 3673 Tiridatis
1184 3603 1339 3697 gratiam

161 3726 430 3816 intercederent,
455 3744 646 3801 uetuerunt
672 3728 706 3800 in
732 3728 809 3800 dies
836 3742 1039 3800 crescentes
1076 3726 1338 3799 triumvirorum

160 3849 367 3939 simultates
405 3878 498 3949 quae
532 3854 603 3924 iam
638 3852 685 3924 ad
719 3868 885 3948 apertum
917 3851 1104 3926 discidium
1137 3866 1175 3923 et
1206 3849 1339 3923 bellum

214 3979 238 3981 ---
268 3979 357 3988 αὴ

199 4012 220 4069 1)
241 4009 327 4057 Iustini
356 4026 456 4075 quoque
474 4012 567 4059 verba:
596 4027 663 4074 „qua
688 4010 792 4057 victoria
822 4009 968 4057 insolentior
994 4009 1121 4057 Phrudtes
1143 4007 1263 4068 redditus,
1282 4024 1339 4056 cum

152 4098 236 4146 multa
265 4099 398 4148 crudeliter
426 4100 576 4157 consuleret,
601 4098 627 4147 in
655 4098 757 4147 exilium
785 4116 800 4147 a
820 4099 919 4163 populo
939 4115 985 4146 suo
1005 4097 1134 4162 pellitur‚’'
1153 4098 1258 4145 innuere
1276 4098 1339 4144 mihi

158 4186 282 4246 videntur,
310 4188 449 4236 secundum
478 4189 560 4253 ipsum
587 4188 700 4250 Trogum
729 4188 879 4252 Pompeium
908 4188 977 4236 haud
1008 4187 1042 4235 ita
1060 4187 1141 4235 multo
1161 4193 1218 4250 post
1240 4185 1339 4234 cladem

158 4274 264 4321 Antonii
282 4276 387 4323 Parthos
408 4276 571 4324 dissensionis
589 4275 677 4324 fecisse
697 4276 802 4325 initium.

195 4364 219 4422 2)
239 4362 290 4409 Dio
310 4364 405 4413 XLIX.
427 4377 459 4426 33
480 4380 533 4429 sqq.
553 4364 617 4412 Plut.
637 4365 698 4413 Ant.
719 4374 767 4426 50;
788 4363 854 4413 Vell.
876 4365 910 4414 11.
932 4363 973 4414 82.

195 4455 219 4513 3)
240 4452 299 4499 Hoc
319 4468 413 4501 nomen
437 4454 513 4501 habet
530 4452 598 4517 apud
617 4454 758 4515 Augustum
777 4452 802 4499 in
823 4452 895 4503 Mon.
917 4455 1010 4516 Ancyr.
1032 4453 1061 4500 V.
1083 4462 1135 4514 253
1164 4452 1223 4502 Tac.
1245 4453 1338 4503 An'nal.

161 4542 195 4598 ll,
217 4552 239 4587 2.
262 4540 363 4605 loseph.
383 4543 415 4591 A.
434 4542 456 4604 J.
476 4541 532 4590 XV.
552 4556 576 4601 4.
600 4541 650 4587 Dio
669 4548 751 4589 autem
771 4556 828 4589 eum
856 4543 965 4589 Artaxen
984 4542 1105 4589 nominat.
1125 4540 1227 4590 Cloio
1243 4541 1339 4599 XLIX,

158 4642 214 4691 395.
235 4630 279 4688 Ll,
302 4632 341 4681 16.

1180 4742 1203 4808 4
