3292 5259
752 316 787 387 ⁶7

178 485 310 556 menni
334 484 530 581 Augustus
549 485 753 579 appellelur.
785 481 895 557 Orell.
918 484 1060 581 lnscrip.
1081 485 1120 574 ll,
1141 512 1176 582 p.
1202 508 1297 578 397:
1322 513 1353 560 a.

180 609 214 678 d.
242 607 330 678 XIX
349 604 439 678 'Kal
471 606 571 702 Sept.
603 606 762 704 Augusti
788 608 928 704 triump.

233 729 375 823 Quodsi
401 729 507 826 igitur
529 729 737 825 Augustum
757 731 853 803 circa
873 757 1035 804 mensem
1053 731 1175 806 lulium
1198 735 1356 808 Romam

181 854 333 954 rediisse,
358 869 468 949 patet,
513 854 592 951 quis
618 854 764 927 tandem
790 854 885 928 serio
913 872 1036 953 potest
1063 857 1097 929 in
1125 859 1281 932 animum
1311 861 1357 932 in·

182 978 323 1065 ducere,
368 994 405 1050 ut
442 994 590 1075 poetam
630 980 754 1052 credat
793 979 951 1076 Augusti
985 981 1139 1054 amicum
1167 982 1200 1055 in
1239 981 1357 1056 villam

182 1128 283 1176 suam
312 1102 480 1174 invitasse
516 1117 553 1175 et
579 1128 602 1176 a
627 1103 736 1176 nimia
763 1102 999 1178 sollicitudine
1025 1105 1254 1179 dehortatum
1279 1133 1358 1181 esse

183 1227 268 1323 ipsis
294 1224 357 1298 illis
384 1225 522 1315 diebus,
567 1253 659 1325 quos
686 1225 813 1324 plenos
840 1219 947 1301 fuisse
973 1229 1110 1303 effusae
1138 1228 1295 1304 laetitiae
1322 1247 1372 1306 et·

182 1348 300 1423 hilaris
346 1350 546 1424 festivitatis
587 1377 812 1424 cumrerum
839 1368 966 1425 natura
994 1351 1136 1442 clamat,
1179 1370 1254 1427 tum
1288 1356 1360 1428 Dio

181 1475 313 1548 diserte
349 1477 520 1548 testatur?
562 1476 636 1548 Iam
663 1473 760 1548 solus
794 1476 894 1549 color
925 1478 1037 1550 nostri
1062 1479 1225 1552 carminis
1250 1477 1359 1580 talem

182 1601 441 1697 cogitationem
482 1599 627 1696 respuit,
670 1625 715 1673 ne
756 1599 885 1688 dicam,
934 1627 1043 1709 quarn
1071 1603 1116 1675 sit
1144 1601 1358 1692 incredibile,

181 1725 373 1798 Horatium
418 1749 463 1796 ne
504 1722 573 1796 levi
615 1724 761 1822 quidem
803 1724 934 1798 indicio
961 1725 1008 1799 ad
1036 1724 1170 1800 laetum
1194 1728 1361 1824 principis

181 1849 334 1921 reditum
362 1845 532 1953 allusisse.
572 1847 649 1921 Sed
677 1850 725 1921 ad
752 1849 849 1922 oden
876 1850 930 1939 Ill,
972 1855 993 1923 8
1026 1867 1065 1924 ut
1089 1851 1300 1952 redeamus3
1331 1853 1360 1925 si

183 1999 254 2047 non
298 1973 502 2046 necessario
533 1973 588 2044 hic
625 1973 672 2044 de
699 1974 922 2047 Maecenatis
947 1975 1171 2071 praefectura
1206 1976 1266 2073 agi
1291 1976 1359 2049 evi-

184 2099 305 2184 cimus,
337 2113 374 2170 et
388 2113 541 2183 ceterae,
559 2122 653 2194 quae
668 2097 812 2169 carmini
829 2098 956 2186 insunt,
974 2099 1102 2172 aetatis
1118 2115 1226 2172 notae
1235 2125 1362 2196 parum

186 2223 234 2296 ad
253 2222 334 2294 anni
358 2247 403 2312 29
424 2222 557 2294 initium
579 2194 803 2310 conveniunt,
840 2219 1014 2319 reliquum
1033 2238 1099 2310 est,
1122 2239 1160 2296 ut
1178 2250 1259 2297 eam
1279 2216 1362 2298 ante

184 2346 260 2421 Cal.
277 2349 383 2421 Mart.
401 2347 484 2420 anni
497 2350 542 2419 28
560 2344 742 2418 conditam
757 2371 839 2417 esse
853 2371 1074 2418 censeamus.
1104 2346 1201 2418 Tum
1215 2346 1361 2444 quidem

183 2499 222 2558 re
264 2497 349 2544 vera
387 2470 568 2566 Cantabri,
601 2469 634 2540 in
662 2469 869 2541 servitutem
899 2485 1000 2542 erant
1024 2470 1170 2558 redacti,
1214 2485 1252 2542 et
1271 2471 1362 2572 Daci

186 2622 338 2694 magnas
363 2587 484 2669 clades
509 2608 733 2690 acceperant,
768 2596 801 2689 1)
840 2609 879 2666 ut
904 2593 978 2666 iure
1006 2610 1116 2690 poeta
1135 2595 1171 2666 id
1190 2594 1362 2691 temporis

184 2737 329 2821 cantare
357 2735 497 2817 posset:

430 2845 569 2917 Occzit'z't
592 2844 694 2936 Dari
720 2844 897 2916 Cottiom's
924 2869 1061 2941 agnzen,

426 2971 548 3042 Servi!
571 2970 765 3064 Hispanae
791 2951 889 3040 vetus
916 2968 1028 3040 lznstz's
1055 2995 1138 3041 orae

190 3181 207 3186 ..
430 3094 616 3166 Cantaber.

240 3220 279 3292 ld
312 3235 455 3314 tempus
490 3215 520 3288 si
547 3231 645 3288 recte
671 3240 694 3287 a
722 3240 781 3287 me
811 3214 994 3287 definitum
1023 3230 1088 3301 est,
1109 3214 1284 3311 proclivis
1311 3233 1366 3289 est

76 3427 82 3438 ,
188 3343 354 3440 suspicio,
399 3325 507 3414 circa¹
533 3340 615 3412 anni
648 3343 693 3412 28
725 3338 860 3412 initium
902 3364 1054 3437 regnum
1083 3340 1295 3413 Parthorum
1321 3340 1367 3413 de

187 3471 330 3565 integro
365 3464 462 3540 bello
502 3464 669 3538 intestino
712 3489 793 3537 esse
835 3478 1016 3552 vexatum,
1061 3479 1099 3536 ut
1126 3465 1195 3536 hoc
1222 3491 1366 3562 quoque

188 3619 333 3668 carmen
370 3588 626 3671 commendare
658 3588 777 3684 potius
820 3613 930 3686 quam
954 3588 1089 3661 reicere
1126 3587 1245 3660 lustini
1272 3587 1367 3660 testi·

187 3717 347 3792 monium
375 3714 459 3789 mihi
486 3713 676 3786 videatur.'

240 3839 381 3934 Quibus
410 3835 606 3909 rationibus
633 3834 817 3906 subductis
846 3834 1004 3930 propius,
1035 3834 1069 3906 ni
1098 3832 1208 3924 fallor,
1231 3835 1277 3909 ad
1295 3849 1366 3908 ue·
1472 3897 1474 3901 .

189 3991 268 4038 rum
310 3962 461 4037 accedet
492 3957 562 4047 ille,
593 3957 651 4056 qui
692 3957 739 4030 de
764 3957 937 4030 Tiridatis
966 3954 1001 4030 in
1032 3959 1244 4056 Hispaniam
1270 3960 1365 4056 fuga,

189 4090 299 4163 fidem
341 4087 475 4160 habeat
504 4083 646 4170 lustin0‚
683 4081 818 4179 quippe
846 4081 901 4153 cui
929 4081 1012 4154 nihil
1041 4099 1168 4179 aperte
1196 4084 1371 4157 contradi-

191 4229 260 4301 cat,
289 4210 400 4284 multa
427 4231 516 4282 vero
544 4206 678 4280 eximio
706 4207 775 4278 sint
796 4205 989 4302 praesidio,
1020 4233 1129 4305 quarn
1148 4208 1208 4306 qui
1227 4233 1274 4281 ex
1292 4206 1370 4281 solo

193 4337 321 4409 Dionis
350 4332 491 4407 silentio
519 4329 614 4412 illum
640 4353 780 4402 errasse
807 4328 1093 4404 concludendum
1118 4349 1275 4405 censent.

248 4460 359 4553 Quod
401 4459 430 4531 si
473 4482 545 4528 non
579 4454 655 4526 sine
689 4453 764 4525 veri
801 4455 922 4549 specie
956 4471 1114 4528 statuere
1146 4456 1229 4528 mihi
1263 4484 1372 4552 posse

191 4587 351 4598 —.—.-

233 4649 255 4708 1)
278 4647 315 4695 Cf.
336 4645 388 4694 Dio
414 4645 457 4693 Ll.
478 4655 520 4705 23,
539 4658 592 4706 sqq.
